Local time,Ask,Bid,AskVolume,BidVolume
28.10.2024 00:00:00.090 GMT-0700,0.65967,0.65958,1799999.9523,1919999.9571
28.10.2024 00:00:00.193 GMT-0700,0.6597000000000001,0.65962,2700000.0477,1200000.0477
28.10.2024 00:00:01.164 GMT-0700,0.65969,0.65961,2700000.0477,1200000.0477
28.10.2024 00:00:01.267 GMT-0700,0.65968,0.65961,2700000.0477,1200000.0477
28.10.2024 00:00:01.778 GMT-0700,0.65969,0.65961,3599999.9046,1200000.0477
28.10.2024 00:00:01.933 GMT-0700,0.6597000000000001,0.65962,1200000.0477,1200000.0477
28.10.2024 00:00:02.035 GMT-0700,0.65972,0.65962,1799999.9523,1200000.0477
28.10.2024 00:00:02.137 GMT-0700,0.65971,0.65962,3599999.9046,1200000.0477
28.10.2024 00:00:02.945 GMT-0700,0.65971,0.6596000000000001,1200000.0477,1799999.9523
28.10.2024 00:00:03.099 GMT-0700,0.6597000000000001,0.65959,2700000.0477,1799999.9523
28.10.2024 00:00:03.202 GMT-0700,0.65967,0.65957,3599999.9046,1799999.9523
28.10.2024 00:00:03.253 GMT-0700,0.65967,0.65959,3599999.9046,1320000.0525
28.10.2024 00:00:04.675 GMT-0700,0.65966,0.65958,1200000.0477,1889999.9857
28.10.2024 00:00:06.353 GMT-0700,0.65967,0.65959,1799999.9523,1200000.0477
28.10.2024 00:00:10.490 GMT-0700,0.65968,0.6596000000000001,1200000.0477,1200000.0477
28.10.2024 00:00:11.252 GMT-0700,0.65969,0.65961,2700000.0477,1200000.0477
28.10.2024 00:00:12.367 GMT-0700,0.65968,0.6596000000000001,1200000.0477,1799999.9523
28.10.2024 00:00:13.085 GMT-0700,0.65967,0.65959,2700000.0477,1200000.0477
28.10.2024 00:00:15.674 GMT-0700,0.65966,0.65958,3599999.9046,1200000.0477
28.10.2024 00:00:15.878 GMT-0700,0.6596500000000001,0.65956,1200000.0477,1799999.9523
28.10.2024 00:00:18.054 GMT-0700,0.65966,0.65958,1799999.9523,1200000.0477
28.10.2024 00:00:18.866 GMT-0700,0.65967,0.65959,1799999.9523,1200000.0477
28.10.2024 00:00:20.135 GMT-0700,0.65968,0.6596000000000001,1799999.9523,1200000.0477
28.10.2024 00:00:21.500 GMT-0700,0.65967,0.65959,1200000.0477,1200000.0477
28.10.2024 00:00:21.806 GMT-0700,0.65966,0.65957,1200000.0477,1919999.9571
28.10.2024 00:00:21.908 GMT-0700,0.65966,0.65957,1200000.0477,1799999.9523
28.10.2024 00:00:23.380 GMT-0700,0.65966,0.65956,1200000.0477,1200000.0477
28.10.2024 00:00:23.889 GMT-0700,0.65966,0.65957,2700000.0477,1799999.9523
28.10.2024 00:00:24.497 GMT-0700,0.6596500000000001,0.65957,1200000.0477,1200000.0477
28.10.2024 00:00:26.877 GMT-0700,0.65964,0.6595500000000001,2700000.0477,1799999.9523
28.10.2024 00:00:26.979 GMT-0700,0.65963,0.6595500000000001,2700000.0477,1200000.0477
28.10.2024 00:00:30.363 GMT-0700,0.65963,0.65956,1200000.0477,1200000.0477
28.10.2024 00:00:30.414 GMT-0700,0.65966,0.65958,2700000.0477,1200000.0477
28.10.2024 00:00:31.433 GMT-0700,0.65967,0.65959,1200000.0477,1200000.0477
28.10.2024 00:00:31.587 GMT-0700,0.65968,0.6596000000000001,1200000.0477,1200000.0477
28.10.2024 00:00:38.294 GMT-0700,0.65969,0.65961,1200000.0477,1200000.0477
28.10.2024 00:00:38.499 GMT-0700,0.6597000000000001,0.65962,1200000.0477,1200000.0477
28.10.2024 00:00:40.371 GMT-0700,0.65972,0.65964,1200000.0477,1200000.0477
28.10.2024 00:00:40.474 GMT-0700,0.65973,0.65964,2700000.0477,1200000.0477
28.10.2024 00:00:41.238 GMT-0700,0.65973,0.6596500000000001,1200000.0477,1200000.0477
28.10.2024 00:00:49.211 GMT-0700,0.6597500000000001,0.65966,3599999.9046,1200000.0477
28.10.2024 00:00:49.314 GMT-0700,0.65976,0.65967,3599999.9046,1200000.0477
28.10.2024 00:00:50.325 GMT-0700,0.6597500000000001,0.65966,1200000.0477,1799999.9523
28.10.2024 00:00:50.377 GMT-0700,0.65973,0.65966,1200000.0477,1200000.0477
28.10.2024 00:00:50.479 GMT-0700,0.65973,0.6596500000000001,1200000.0477,1320000.0525
28.10.2024 00:00:50.582 GMT-0700,0.65971,0.65964,1200000.0477,1320000.0525
28.10.2024 00:00:50.684 GMT-0700,0.6597000000000001,0.65962,1200000.0477,1200000.0477
28.10.2024 00:00:50.838 GMT-0700,0.6597000000000001,0.65961,2700000.0477,1799999.9523
28.10.2024 00:00:53.444 GMT-0700,0.65971,0.65963,3599999.9046,1200000.0477
28.10.2024 00:00:53.596 GMT-0700,0.6597000000000001,0.65962,1200000.0477,1200000.0477
28.10.2024 00:00:58.341 GMT-0700,0.65971,0.65963,3599999.9046,1200000.0477
28.10.2024 00:01:04.919 GMT-0700,0.6597000000000001,0.65962,1200000.0477,1799999.9523
28.10.2024 00:01:14.725 GMT-0700,0.65969,0.65961,1200000.0477,1200000.0477
28.10.2024 00:01:14.827 GMT-0700,0.6597000000000001,0.65962,1200000.0477,1799999.9523
28.10.2024 00:01:14.930 GMT-0700,0.65971,0.65963,1200000.0477,1320000.0525
28.10.2024 00:01:16.352 GMT-0700,0.65971,0.65963,1200000.0477,1320000.0525
28.10.2024 00:01:16.454 GMT-0700,0.65971,0.65963,1200000.0477,1320000.0525
28.10.2024 00:01:21.100 GMT-0700,0.65974,0.65964,1799999.9523,1320000.0525
28.10.2024 00:01:26.190 GMT-0700,0.65974,0.65966,1200000.0477,1200000.0477
28.10.2024 00:01:26.292 GMT-0700,0.65974,0.65967,1200000.0477,1200000.0477
28.10.2024 00:01:30.133 GMT-0700,0.65973,0.6596500000000001,1200000.0477,1799999.9523
28.10.2024 00:01:35.032 GMT-0700,0.65973,0.65966,1200000.0477,1200000.0477
28.10.2024 00:01:35.843 GMT-0700,0.65973,0.6596500000000001,1200000.0477,1200000.0477
28.10.2024 00:01:36.098 GMT-0700,0.6597500000000001,0.65966,3599999.9046,1200000.0477
28.10.2024 00:01:36.556 GMT-0700,0.6597500000000001,0.6596500000000001,1200000.0477,1799999.9523
28.10.2024 00:01:46.777 GMT-0700,0.6597500000000001,0.65966,1799999.9523,1799999.9523
28.10.2024 00:01:47.535 GMT-0700,0.65976,0.65968,3599999.9046,1200000.0477
28.10.2024 00:01:49.156 GMT-0700,0.65977,0.65969,1799999.9523,1200000.0477
28.10.2024 00:01:49.362 GMT-0700,0.65977,0.6597000000000001,1200000.0477,1200000.0477
28.10.2024 00:01:51.078 GMT-0700,0.65977,0.65969,1200000.0477,1799999.9523
28.10.2024 00:01:51.180 GMT-0700,0.65977,0.6597000000000001,1200000.0477,1200000.0477
28.10.2024 00:01:52.291 GMT-0700,0.65977,0.65969,1200000.0477,1799999.9523
28.10.2024 00:01:53.051 GMT-0700,0.65978,0.6597000000000001,1200000.0477,1200000.0477
28.10.2024 00:01:53.154 GMT-0700,0.65977,0.65969,1200000.0477,1799999.9523
28.10.2024 00:01:56.082 GMT-0700,0.65976,0.65969,1200000.0477,1200000.0477
28.10.2024 00:01:56.185 GMT-0700,0.65976,0.65968,1200000.0477,1799999.9523
28.10.2024 00:01:57.963 GMT-0700,0.65978,0.6597000000000001,1799999.9523,1200000.0477
28.10.2024 00:01:58.067 GMT-0700,0.65979,0.6597000000000001,3599999.9046,1200000.0477
28.10.2024 00:02:00.238 GMT-0700,0.6598,0.6597000000000001,2700000.0477,1200000.0477
28.10.2024 00:02:00.340 GMT-0700,0.6598,0.65972,2700000.0477,1200000.0477
28.10.2024 00:02:01.657 GMT-0700,0.6598,0.65971,1200000.0477,1200000.0477
28.10.2024 00:02:01.911 GMT-0700,0.6598,0.65972,3599999.9046,1200000.0477
28.10.2024 00:02:05.099 GMT-0700,0.65979,0.65972,1200000.0477,1799999.9523
28.10.2024 00:02:05.302 GMT-0700,0.6598,0.65972,3599999.9046,1799999.9523
28.10.2024 00:02:07.787 GMT-0700,0.6598100000000001,0.65973,2700000.0477,1200000.0477
28.10.2024 00:02:08.397 GMT-0700,0.65982,0.65976,2700000.0477,1200000.0477
28.10.2024 00:02:08.500 GMT-0700,0.65985,0.65977,1200000.0477,1200000.0477
28.10.2024 00:02:21.646 GMT-0700,0.6598700000000001,0.6598,1200000.0477,1200000.0477
28.10.2024 00:02:21.698 GMT-0700,0.6599,0.65982,2700000.0477,1200000.0477
28.10.2024 00:02:22.461 GMT-0700,0.6599100000000001,0.65983,1200000.0477,1200000.0477
28.10.2024 00:02:24.593 GMT-0700,0.6599,0.65982,1200000.0477,1799999.9523
28.10.2024 00:02:35.506 GMT-0700,0.65989,0.65982,1200000.0477,1200000.0477
28.10.2024 00:02:35.557 GMT-0700,0.65989,0.6598,3599999.9046,1200000.0477
28.10.2024 00:02:35.664 GMT-0700,0.65989,0.65978,3599999.9046,1799999.9523
28.10.2024 00:02:36.020 GMT-0700,0.65988,0.65978,2700000.0477,1799999.9523
28.10.2024 00:02:37.533 GMT-0700,0.65989,0.65979,3599999.9046,1200000.0477
28.10.2024 00:02:40.060 GMT-0700,0.6598700000000001,0.65978,2700000.0477,1200000.0477
28.10.2024 00:02:41.130 GMT-0700,0.6598600000000001,0.65977,1200000.0477,1200000.0477
28.10.2024 00:02:45.972 GMT-0700,0.65984,0.65977,1200000.0477,1200000.0477
28.10.2024 00:02:46.023 GMT-0700,0.65984,0.65972,2700000.0477,1200000.0477
28.10.2024 00:02:46.075 GMT-0700,0.6598100000000001,0.65973,1200000.0477,1799999.9523
28.10.2024 00:02:47.343 GMT-0700,0.65983,0.65973,1200000.0477,1200000.0477
28.10.2024 00:02:51.370 GMT-0700,0.6598100000000001,0.65973,1200000.0477,1799999.9523
28.10.2024 00:02:55.368 GMT-0700,0.6598,0.65973,1200000.0477,1200000.0477
28.10.2024 00:02:57.992 GMT-0700,0.65979,0.65971,1200000.0477,1799999.9523
28.10.2024 00:02:58.096 GMT-0700,0.65978,0.65969,1200000.0477,1799999.9523
28.10.2024 00:02:59.764 GMT-0700,0.65979,0.6597000000000001,2700000.0477,1200000.0477
28.10.2024 00:03:00.171 GMT-0700,0.65978,0.6597000000000001,1799999.9523,1200000.0477
28.10.2024 00:03:00.273 GMT-0700,0.6598,0.65969,2700000.0477,1200000.0477
28.10.2024 00:03:03.048 GMT-0700,0.65978,0.6597000000000001,1200000.0477,1200000.0477
28.10.2024 00:03:03.753 GMT-0700,0.65979,0.6597000000000001,4500000,1200000.0477
28.10.2024 00:03:08.194 GMT-0700,0.65979,0.65971,2700000.0477,1200000.0477
28.10.2024 00:03:10.701 GMT-0700,0.6598,0.65972,2700000.0477,1200000.0477
28.10.2024 00:03:11.325 GMT-0700,0.6598,0.6597000000000001,2700000.0477,1200000.0477
28.10.2024 00:03:11.529 GMT-0700,0.65979,0.6597000000000001,2700000.0477,1799999.9523
28.10.2024 00:03:13.095 GMT-0700,0.65979,0.65971,1200000.0477,1200000.0477
28.10.2024 00:03:13.649 GMT-0700,0.65979,0.6597000000000001,1200000.0477,1799999.9523
28.10.2024 00:03:14.153 GMT-0700,0.65978,0.6597000000000001,1200000.0477,1200000.0477
28.10.2024 00:03:14.256 GMT-0700,0.65977,0.65969,1200000.0477,1200000.0477
28.10.2024 00:03:15.067 GMT-0700,0.6597500000000001,0.65967,1200000.0477,1799999.9523
28.10.2024 00:03:19.709 GMT-0700,0.65976,0.65968,1200000.0477,1200000.0477
28.10.2024 00:03:20.270 GMT-0700,0.65977,0.65969,1799999.9523,1200000.0477
28.10.2024 00:03:21.788 GMT-0700,0.65976,0.65968,1200000.0477,1200000.0477
28.10.2024 00:03:28.198 GMT-0700,0.65978,0.65968,1799999.9523,1200000.0477
28.10.2024 00:03:28.601 GMT-0700,0.65978,0.6597000000000001,1200000.0477,1200000.0477
28.10.2024 00:03:44.185 GMT-0700,0.6598,0.65973,1200000.0477,1200000.0477
28.10.2024 00:03:44.292 GMT-0700,0.65982,0.65972,1200000.0477,1200000.0477
28.10.2024 00:03:45.161 GMT-0700,0.6598100000000001,0.65972,1200000.0477,1200000.0477
28.10.2024 00:03:45.416 GMT-0700,0.65979,0.65972,1200000.0477,1799999.9523
28.10.2024 00:03:45.621 GMT-0700,0.6598100000000001,0.65971,1799999.9523,1200000.0477
28.10.2024 00:03:47.795 GMT-0700,0.65979,0.65972,1200000.0477,1200000.0477
28.10.2024 00:03:47.999 GMT-0700,0.6598100000000001,0.65971,1799999.9523,1200000.0477
28.10.2024 00:03:55.644 GMT-0700,0.65979,0.65971,1200000.0477,1799999.9523
28.10.2024 00:03:57.009 GMT-0700,0.65978,0.65969,1200000.0477,1799999.9523
28.10.2024 00:03:57.162 GMT-0700,0.65979,0.6597000000000001,1200000.0477,1200000.0477
28.10.2024 00:03:58.828 GMT-0700,0.6598100000000001,0.65971,1200000.0477,1200000.0477
28.10.2024 00:04:00.345 GMT-0700,0.6598100000000001,0.65974,1200000.0477,1200000.0477
28.10.2024 00:04:00.550 GMT-0700,0.65984,0.6597500000000001,1200000.0477,2700000.0477
28.10.2024 00:04:01.986 GMT-0700,0.65985,0.65976,1200000.0477,3599999.9046
28.10.2024 00:04:08.336 GMT-0700,0.6598600000000001,0.65978,1200000.0477,1200000.0477
28.10.2024 00:04:08.439 GMT-0700,0.65988,0.65978,1799999.9523,1200000.0477
28.10.2024 00:04:09.201 GMT-0700,0.65984,0.65976,1200000.0477,3599999.9046
28.10.2024 00:04:09.305 GMT-0700,0.65985,0.65974,3599999.9046,1200000.0477
28.10.2024 00:04:11.171 GMT-0700,0.65983,0.6597500000000001,1200000.0477,1200000.0477
28.10.2024 00:04:15.110 GMT-0700,0.65983,0.65974,1200000.0477,1200000.0477
28.10.2024 00:04:15.718 GMT-0700,0.65983,0.65973,1799999.9523,1200000.0477
28.10.2024 00:04:19.545 GMT-0700,0.6598,0.65972,1200000.0477,1200000.0477
28.10.2024 00:04:19.750 GMT-0700,0.6598100000000001,0.65973,1799999.9523,1200000.0477
28.10.2024 00:04:25.902 GMT-0700,0.6598,0.65972,1200000.0477,1200000.0477
28.10.2024 00:04:29.712 GMT-0700,0.65982,0.6597500000000001,1799999.9523,1200000.0477
28.10.2024 00:04:29.816 GMT-0700,0.65983,0.6597500000000001,1200000.0477,2789999.9619
28.10.2024 00:04:31.232 GMT-0700,0.65984,0.65977,1200000.0477,1200000.0477
28.10.2024 00:04:31.335 GMT-0700,0.65985,0.65977,1799999.9523,1200000.0477
28.10.2024 00:04:34.665 GMT-0700,0.65983,0.65974,1200000.0477,3599999.9046
28.10.2024 00:04:34.769 GMT-0700,0.65982,0.65974,1200000.0477,3599999.9046
28.10.2024 00:04:36.183 GMT-0700,0.65983,0.65974,1799999.9523,3690000.0572
28.10.2024 00:04:42.470 GMT-0700,0.65982,0.65974,1200000.0477,1200000.0477
28.10.2024 00:04:44.784 GMT-0700,0.65982,0.65972,1200000.0477,1799999.9523
28.10.2024 00:04:45.140 GMT-0700,0.65982,0.65973,1799999.9523,1320000.0525
28.10.2024 00:04:46.100 GMT-0700,0.6598100000000001,0.65972,1200000.0477,1200000.0477
28.10.2024 00:04:50.840 GMT-0700,0.6598,0.65971,1200000.0477,1200000.0477
28.10.2024 00:04:56.351 GMT-0700,0.65979,0.65969,1200000.0477,1200000.0477
28.10.2024 00:04:56.455 GMT-0700,0.65978,0.65968,1200000.0477,1200000.0477
28.10.2024 00:04:56.558 GMT-0700,0.65978,0.6597000000000001,1799999.9523,1200000.0477
28.10.2024 00:05:11.082 GMT-0700,0.65977,0.65969,1200000.0477,1200000.0477
28.10.2024 00:05:11.741 GMT-0700,0.65978,0.6597000000000001,1200000.0477,1200000.0477
28.10.2024 00:05:17.287 GMT-0700,0.6598100000000001,0.65972,1200000.0477,1200000.0477
28.10.2024 00:05:17.389 GMT-0700,0.65982,0.65972,1200000.0477,1200000.0477
28.10.2024 00:05:19.962 GMT-0700,0.6598100000000001,0.6597000000000001,1200000.0477,3690000.0572
28.10.2024 00:05:24.680 GMT-0700,0.65979,0.6597000000000001,1200000.0477,3599999.9046
28.10.2024 00:05:25.443 GMT-0700,0.65979,0.65968,1200000.0477,1799999.9523
28.10.2024 00:05:29.787 GMT-0700,0.65976,0.65968,1200000.0477,2700000.0477
28.10.2024 00:05:31.606 GMT-0700,0.65978,0.6597000000000001,1200000.0477,1200000.0477
28.10.2024 00:05:31.658 GMT-0700,0.6598,0.65971,1200000.0477,1200000.0477
28.10.2024 00:05:32.468 GMT-0700,0.65982,0.65974,3599999.9046,1200000.0477
28.10.2024 00:05:32.623 GMT-0700,0.65983,0.6597500000000001,1200000.0477,1200000.0477
28.10.2024 00:05:32.726 GMT-0700,0.65982,0.65974,1200000.0477,1200000.0477
28.10.2024 00:05:41.467 GMT-0700,0.6598100000000001,0.65972,1200000.0477,1889999.9857
28.10.2024 00:05:41.569 GMT-0700,0.6598100000000001,0.6597000000000001,1200000.0477,1889999.9857
28.10.2024 00:05:44.369 GMT-0700,0.65978,0.6597000000000001,1200000.0477,1889999.9857
28.10.2024 00:05:48.507 GMT-0700,0.65977,0.65969,1200000.0477,1200000.0477
28.10.2024 00:05:49.773 GMT-0700,0.65977,0.65967,1200000.0477,1799999.9523
28.10.2024 00:05:58.249 GMT-0700,0.6598,0.65972,1200000.0477,1200000.0477
28.10.2024 00:05:58.352 GMT-0700,0.6598,0.65972,1200000.0477,1799999.9523
28.10.2024 00:06:00.429 GMT-0700,0.6598100000000001,0.65973,1200000.0477,1320000.0525
28.10.2024 00:06:00.885 GMT-0700,0.65982,0.6597500000000001,1200000.0477,1200000.0477
28.10.2024 00:06:00.988 GMT-0700,0.65984,0.65976,1799999.9523,1200000.0477
28.10.2024 00:06:05.878 GMT-0700,0.65983,0.6597500000000001,1200000.0477,1200000.0477
28.10.2024 00:06:09.530 GMT-0700,0.6598100000000001,0.65973,1200000.0477,1799999.9523
28.10.2024 00:06:09.633 GMT-0700,0.6598100000000001,0.65972,1200000.0477,2700000.0477
28.10.2024 00:06:10.042 GMT-0700,0.65982,0.65972,1799999.9523,1799999.9523
28.10.2024 00:06:13.376 GMT-0700,0.65985,0.65974,1200000.0477,1889999.9857
28.10.2024 00:06:13.478 GMT-0700,0.65985,0.6597500000000001,1200000.0477,1320000.0525
28.10.2024 00:06:15.948 GMT-0700,0.65985,0.65976,2700000.0477,1200000.0477
28.10.2024 00:06:20.179 GMT-0700,0.6598600000000001,0.65973,1799999.9523,2789999.9619
28.10.2024 00:06:21.538 GMT-0700,0.65985,0.6597500000000001,1799999.9523,1200000.0477
28.10.2024 00:06:23.204 GMT-0700,0.65985,0.65974,3599999.9046,2789999.9619
28.10.2024 00:06:23.608 GMT-0700,0.65984,0.65974,1799999.9523,2700000.0477
28.10.2024 00:06:24.012 GMT-0700,0.65985,0.65974,4050000.1907,2789999.9619
28.10.2024 00:06:26.027 GMT-0700,0.65985,0.65973,1799999.9523,2789999.9619
28.10.2024 00:06:26.129 GMT-0700,0.65985,0.65974,4050000.1907,2789999.9619
28.10.2024 00:06:28.443 GMT-0700,0.65984,0.65974,1350000.0238,1200000.0477
28.10.2024 00:06:30.763 GMT-0700,0.65982,0.65974,1200000.0477,1200000.0477
28.10.2024 00:06:30.815 GMT-0700,0.65984,0.65974,3599999.9046,1200000.0477
28.10.2024 00:06:30.968 GMT-0700,0.65984,0.6597500000000001,1200000.0477,1200000.0477
28.10.2024 00:06:31.323 GMT-0700,0.65984,0.65974,1200000.0477,1200000.0477
28.10.2024 00:06:32.887 GMT-0700,0.65984,0.6597500000000001,1200000.0477,1799999.9523
28.10.2024 00:06:41.203 GMT-0700,0.65984,0.65973,1200000.0477,1200000.0477
28.10.2024 00:06:41.357 GMT-0700,0.6598,0.65972,1200000.0477,1799999.9523
28.10.2024 00:06:41.461 GMT-0700,0.6598,0.65971,1200000.0477,1200000.0477
28.10.2024 00:06:41.563 GMT-0700,0.65979,0.65971,1200000.0477,1200000.0477
28.10.2024 00:06:41.665 GMT-0700,0.65979,0.6597000000000001,1200000.0477,2700000.0477
28.10.2024 00:06:45.400 GMT-0700,0.6598100000000001,0.65973,1799999.9523,1200000.0477
28.10.2024 00:06:48.031 GMT-0700,0.65982,0.65973,1200000.0477,1200000.0477
28.10.2024 00:06:53.832 GMT-0700,0.65983,0.65973,3599999.9046,2789999.9619
28.10.2024 00:06:53.934 GMT-0700,0.65984,0.65973,1799999.9523,1200000.0477
28.10.2024 00:06:54.139 GMT-0700,0.65983,0.65976,1200000.0477,1320000.0525
28.10.2024 00:06:54.242 GMT-0700,0.65984,0.65976,1200000.0477,2789999.9619
28.10.2024 00:07:00.148 GMT-0700,0.65982,0.65974,1200000.0477,1799999.9523
28.10.2024 00:07:01.516 GMT-0700,0.65983,0.6597500000000001,1200000.0477,1200000.0477
28.10.2024 00:07:01.620 GMT-0700,0.65984,0.65978,1200000.0477,1200000.0477
28.10.2024 00:07:01.671 GMT-0700,0.6598700000000001,0.65978,1799999.9523,1200000.0477
28.10.2024 00:07:01.876 GMT-0700,0.6598600000000001,0.65978,1200000.0477,1200000.0477
28.10.2024 00:07:02.030 GMT-0700,0.6598600000000001,0.65977,1200000.0477,2789999.9619
28.10.2024 00:07:03.296 GMT-0700,0.65988,0.65977,1799999.9523,1200000.0477
28.10.2024 00:07:04.723 GMT-0700,0.6598700000000001,0.65976,1200000.0477,2789999.9619
28.10.2024 00:07:23.892 GMT-0700,0.6598600000000001,0.65976,1200000.0477,1200000.0477
28.10.2024 00:07:32.961 GMT-0700,0.6598600000000001,0.65979,1200000.0477,1200000.0477
28.10.2024 00:07:41.304 GMT-0700,0.6598600000000001,0.65977,1799999.9523,1799999.9523
28.10.2024 00:07:42.164 GMT-0700,0.6598600000000001,0.65978,1799999.9523,1200000.0477
28.10.2024 00:07:46.445 GMT-0700,0.65985,0.65978,1200000.0477,1200000.0477
28.10.2024 00:07:46.547 GMT-0700,0.65985,0.65977,1200000.0477,1889999.9857
28.10.2024 00:07:47.000 GMT-0700,0.65985,0.65978,1200000.0477,1200000.0477
28.10.2024 00:07:47.505 GMT-0700,0.65985,0.65977,1200000.0477,1889999.9857
28.10.2024 00:07:47.709 GMT-0700,0.65985,0.65978,1200000.0477,1200000.0477
28.10.2024 00:07:48.163 GMT-0700,0.65985,0.65977,1200000.0477,1889999.9857
28.10.2024 00:07:48.215 GMT-0700,0.65985,0.65979,1200000.0477,1200000.0477
28.10.2024 00:07:50.641 GMT-0700,0.6598600000000001,0.65979,1200000.0477,1200000.0477
28.10.2024 00:07:53.716 GMT-0700,0.6598700000000001,0.65977,1799999.9523,1200000.0477
28.10.2024 00:07:56.248 GMT-0700,0.6598600000000001,0.65977,1799999.9523,1889999.9857
28.10.2024 00:07:56.452 GMT-0700,0.6598700000000001,0.65977,1799999.9523,1200000.0477
28.10.2024 00:08:00.540 GMT-0700,0.6598700000000001,0.65979,1799999.9523,1799999.9523
28.10.2024 00:08:11.593 GMT-0700,0.6598700000000001,0.6598100000000001,1200000.0477,1200000.0477
28.10.2024 00:08:11.644 GMT-0700,0.6599,0.6598,1799999.9523,1200000.0477
28.10.2024 00:08:39.546 GMT-0700,0.6599200000000001,0.6598100000000001,1200000.0477,1200000.0477
28.10.2024 00:08:40.664 GMT-0700,0.6599200000000001,0.65983,1799999.9523,1200000.0477
28.10.2024 00:08:42.739 GMT-0700,0.6599200000000001,0.6598100000000001,1200000.0477,1200000.0477
28.10.2024 00:09:01.876 GMT-0700,0.6599,0.6598100000000001,1200000.0477,1799999.9523
28.10.2024 00:09:06.784 GMT-0700,0.65989,0.65978,1200000.0477,1799999.9523
28.10.2024 00:09:07.897 GMT-0700,0.6598700000000001,0.65978,1200000.0477,1799999.9523
28.10.2024 00:09:09.813 GMT-0700,0.6598600000000001,0.65977,1200000.0477,1799999.9523
28.10.2024 00:09:14.411 GMT-0700,0.6598700000000001,0.65978,1799999.9523,1200000.0477
28.10.2024 00:09:15.375 GMT-0700,0.65988,0.65979,1200000.0477,1799999.9523
28.10.2024 00:09:15.477 GMT-0700,0.65989,0.65979,1799999.9523,2700000.0477
28.10.2024 00:09:21.876 GMT-0700,0.65989,0.6598,1200000.0477,1200000.0477
28.10.2024 00:09:21.979 GMT-0700,0.6599100000000001,0.6598,1200000.0477,1200000.0477
28.10.2024 00:09:22.082 GMT-0700,0.6599100000000001,0.65982,1200000.0477,1200000.0477
28.10.2024 00:09:23.060 GMT-0700,0.6599200000000001,0.6598,1799999.9523,4050000.1907
28.10.2024 00:09:23.163 GMT-0700,0.6599,0.6598100000000001,2700000.0477,1200000.0477
28.10.2024 00:09:23.269 GMT-0700,0.65989,0.65979,1200000.0477,1799999.9523
28.10.2024 00:09:23.674 GMT-0700,0.6599,0.65977,1799999.9523,2700000.0477
28.10.2024 00:09:23.776 GMT-0700,0.6598700000000001,0.65977,1200000.0477,2700000.0477
28.10.2024 00:09:28.025 GMT-0700,0.65988,0.65977,1799999.9523,1200000.0477
28.10.2024 00:09:36.193 GMT-0700,0.6598600000000001,0.65976,1200000.0477,3599999.9046
28.10.2024 00:09:39.114 GMT-0700,0.6598600000000001,0.65978,1200000.0477,1200000.0477
28.10.2024 00:09:39.217 GMT-0700,0.6599,0.65982,1799999.9523,1200000.0477
28.10.2024 00:09:45.015 GMT-0700,0.6599100000000001,0.65983,1799999.9523,1200000.0477
28.10.2024 00:09:49.613 GMT-0700,0.65993,0.65984,1200000.0477,1799999.9523
28.10.2024 00:09:49.716 GMT-0700,0.6599100000000001,0.65983,1200000.0477,1200000.0477
28.10.2024 00:09:50.576 GMT-0700,0.6599100000000001,0.65982,1200000.0477,1799999.9523
28.10.2024 00:09:52.517 GMT-0700,0.65993,0.65982,1799999.9523,1200000.0477
28.10.2024 00:09:52.725 GMT-0700,0.65994,0.65984,1200000.0477,1200000.0477
28.10.2024 00:09:52.832 GMT-0700,0.65993,0.65983,1200000.0477,1799999.9523
28.10.2024 00:09:53.289 GMT-0700,0.65993,0.65985,1799999.9523,1200000.0477
28.10.2024 00:09:53.595 GMT-0700,0.65994,0.65985,1799999.9523,1200000.0477
28.10.2024 00:10:03.141 GMT-0700,0.65995,0.6598600000000001,1799999.9523,1200000.0477
28.10.2024 00:10:05.114 GMT-0700,0.6599700000000001,0.6598700000000001,1200000.0477,1200000.0477
28.10.2024 00:10:05.217 GMT-0700,0.6599700000000001,0.65988,1200000.0477,1799999.9523
28.10.2024 00:10:11.322 GMT-0700,0.6599600000000001,0.6598600000000001,1200000.0477,1799999.9523
28.10.2024 00:10:26.035 GMT-0700,0.6599700000000001,0.65988,1799999.9523,1799999.9523
28.10.2024 00:10:26.138 GMT-0700,0.65998,0.65988,1200000.0477,1200000.0477
28.10.2024 00:10:26.241 GMT-0700,0.6599700000000001,0.65988,1799999.9523,1799999.9523
28.10.2024 00:10:27.559 GMT-0700,0.6599600000000001,0.6598700000000001,1200000.0477,2700000.0477
28.10.2024 00:10:32.001 GMT-0700,0.6599700000000001,0.65988,1799999.9523,1799999.9523
28.10.2024 00:10:38.207 GMT-0700,0.6599600000000001,0.6598700000000001,1200000.0477,2700000.0477
28.10.2024 00:10:39.117 GMT-0700,0.65998,0.6598700000000001,1799999.9523,1200000.0477
28.10.2024 00:10:41.588 GMT-0700,0.6599600000000001,0.6598700000000001,1200000.0477,1799999.9523
28.10.2024 00:10:51.978 GMT-0700,0.65994,0.6598600000000001,1200000.0477,1799999.9523
28.10.2024 00:10:55.660 GMT-0700,0.6599200000000001,0.65985,1200000.0477,1200000.0477
28.10.2024 00:10:55.762 GMT-0700,0.6599200000000001,0.65982,1200000.0477,1799999.9523
28.10.2024 00:10:56.218 GMT-0700,0.6599100000000001,0.65982,1200000.0477,1799999.9523
28.10.2024 00:10:58.595 GMT-0700,0.6599200000000001,0.65983,1799999.9523,1200000.0477
28.10.2024 00:11:00.416 GMT-0700,0.6599200000000001,0.65982,1200000.0477,1200000.0477
28.10.2024 00:11:05.708 GMT-0700,0.65989,0.65978,2700000.0477,5400000.0954
28.10.2024 00:11:08.889 GMT-0700,0.65988,0.65978,1200000.0477,1200000.0477
28.10.2024 00:11:14.599 GMT-0700,0.65988,0.6598,1799999.9523,1200000.0477
28.10.2024 00:11:14.703 GMT-0700,0.65989,0.6598100000000001,1799999.9523,1200000.0477
28.10.2024 00:11:15.061 GMT-0700,0.6599,0.65982,1200000.0477,1200000.0477
28.10.2024 00:11:15.367 GMT-0700,0.6599100000000001,0.65983,1200000.0477,1200000.0477
28.10.2024 00:11:15.470 GMT-0700,0.6599200000000001,0.65984,1799999.9523,1200000.0477
28.10.2024 00:11:18.149 GMT-0700,0.6599100000000001,0.65983,1200000.0477,1200000.0477
28.10.2024 00:11:25.109 GMT-0700,0.6599100000000001,0.65982,1200000.0477,1200000.0477
28.10.2024 00:11:26.828 GMT-0700,0.65988,0.65979,1200000.0477,1200000.0477
28.10.2024 00:11:26.931 GMT-0700,0.6598700000000001,0.65979,1200000.0477,1200000.0477
28.10.2024 00:11:27.033 GMT-0700,0.6598700000000001,0.65978,1200000.0477,1200000.0477
28.10.2024 00:11:27.136 GMT-0700,0.65988,0.65979,1200000.0477,1200000.0477
28.10.2024 00:11:33.143 GMT-0700,0.65989,0.6598100000000001,1200000.0477,2700000.0477
28.10.2024 00:11:33.246 GMT-0700,0.6599,0.6598100000000001,1200000.0477,1200000.0477
28.10.2024 00:11:33.953 GMT-0700,0.6599200000000001,0.6598100000000001,1799999.9523,2700000.0477
28.10.2024 00:11:35.113 GMT-0700,0.6599,0.6598100000000001,1200000.0477,1200000.0477
28.10.2024 00:11:37.587 GMT-0700,0.6599,0.65979,1200000.0477,3599999.9046
28.10.2024 00:11:40.188 GMT-0700,0.65988,0.65979,1200000.0477,1200000.0477
28.10.2024 00:11:40.291 GMT-0700,0.65988,0.65978,1200000.0477,1200000.0477
28.10.2024 00:11:40.999 GMT-0700,0.65988,0.65979,1799999.9523,2700000.0477
28.10.2024 00:11:45.245 GMT-0700,0.6598700000000001,0.65979,1200000.0477,1200000.0477
28.10.2024 00:11:50.184 GMT-0700,0.6598700000000001,0.6598100000000001,1200000.0477,1200000.0477
28.10.2024 00:11:50.286 GMT-0700,0.6599,0.6598100000000001,1799999.9523,1200000.0477
28.10.2024 00:11:51.045 GMT-0700,0.6599100000000001,0.6598100000000001,1200000.0477,1799999.9523
28.10.2024 00:11:51.147 GMT-0700,0.6599,0.6598100000000001,1200000.0477,1799999.9523
28.10.2024 00:12:00.218 GMT-0700,0.6599100000000001,0.6598100000000001,1200000.0477,1799999.9523
28.10.2024 00:12:00.370 GMT-0700,0.6599,0.6598100000000001,1200000.0477,1200000.0477
28.10.2024 00:12:00.472 GMT-0700,0.6599100000000001,0.6598100000000001,1200000.0477,1799999.9523
28.10.2024 00:12:01.230 GMT-0700,0.6599,0.6598100000000001,1200000.0477,1200000.0477
28.10.2024 00:12:01.281 GMT-0700,0.6599100000000001,0.65983,1799999.9523,1200000.0477
28.10.2024 00:12:01.435 GMT-0700,0.6599100000000001,0.65984,1200000.0477,1200000.0477
28.10.2024 00:12:02.500 GMT-0700,0.65993,0.65985,1200000.0477,1200000.0477
28.10.2024 00:12:02.552 GMT-0700,0.65994,0.6598700000000001,1200000.0477,1799999.9523
28.10.2024 00:12:02.655 GMT-0700,0.65995,0.65985,1200000.0477,2700000.0477
28.10.2024 00:12:02.808 GMT-0700,0.6599600000000001,0.65985,1200000.0477,3599999.9046
28.10.2024 00:12:02.911 GMT-0700,0.6599700000000001,0.6598700000000001,1200000.0477,1200000.0477
28.10.2024 00:12:10.223 GMT-0700,0.6599600000000001,0.6598700000000001,1799999.9523,1200000.0477
28.10.2024 00:12:15.228 GMT-0700,0.6599600000000001,0.65989,1200000.0477,1200000.0477
28.10.2024 00:12:15.938 GMT-0700,0.6599700000000001,0.6599100000000001,1200000.0477,1200000.0477
28.10.2024 00:12:16.041 GMT-0700,0.65999,0.6599100000000001,1200000.0477,1200000.0477
28.10.2024 00:12:16.195 GMT-0700,0.65998,0.65988,1200000.0477,1799999.9523
28.10.2024 00:12:19.486 GMT-0700,0.6599700000000001,0.65988,1799999.9523,1200000.0477
28.10.2024 00:12:20.395 GMT-0700,0.6599700000000001,0.65989,1200000.0477,1200000.0477
28.10.2024 00:12:22.412 GMT-0700,0.6599600000000001,0.65988,1200000.0477,1200000.0477
28.10.2024 00:12:22.768 GMT-0700,0.65993,0.6598600000000001,1200000.0477,1200000.0477
28.10.2024 00:12:22.872 GMT-0700,0.6599200000000001,0.65983,2700000.0477,1200000.0477
28.10.2024 00:12:23.788 GMT-0700,0.65993,0.65984,1200000.0477,1200000.0477
28.10.2024 00:12:23.891 GMT-0700,0.65993,0.65985,2700000.0477,1200000.0477
28.10.2024 00:12:25.202 GMT-0700,0.65993,0.65983,1200000.0477,1200000.0477
28.10.2024 00:12:32.769 GMT-0700,0.6599100000000001,0.65984,1200000.0477,1200000.0477
28.10.2024 00:12:37.873 GMT-0700,0.6599100000000001,0.65983,1200000.0477,1200000.0477
28.10.2024 00:12:49.107 GMT-0700,0.65993,0.65984,1799999.9523,1200000.0477
28.10.2024 00:12:49.210 GMT-0700,0.6599200000000001,0.6598600000000001,1200000.0477,1200000.0477
28.10.2024 00:12:49.312 GMT-0700,0.65994,0.65985,1200000.0477,1200000.0477
28.10.2024 00:12:51.135 GMT-0700,0.65995,0.65985,1200000.0477,1200000.0477
28.10.2024 00:12:51.743 GMT-0700,0.6599700000000001,0.6598700000000001,1200000.0477,1200000.0477
28.10.2024 00:12:52.868 GMT-0700,0.65998,0.65988,1799999.9523,1200000.0477
28.10.2024 00:12:58.381 GMT-0700,0.6599600000000001,0.65988,1200000.0477,1200000.0477
28.10.2024 00:13:02.071 GMT-0700,0.65995,0.6598700000000001,1200000.0477,1799999.9523
28.10.2024 00:13:08.176 GMT-0700,0.6599700000000001,0.65988,2700000.0477,1200000.0477
28.10.2024 00:13:08.430 GMT-0700,0.6599600000000001,0.6598700000000001,1200000.0477,1200000.0477
28.10.2024 00:13:08.940 GMT-0700,0.65998,0.65988,2700000.0477,1200000.0477
28.10.2024 00:13:13.277 GMT-0700,0.6599700000000001,0.6599,1200000.0477,1200000.0477
28.10.2024 00:13:13.330 GMT-0700,0.6600100000000001,0.6599100000000001,1799999.9523,1200000.0477
28.10.2024 00:13:19.487 GMT-0700,0.65999,0.6599100000000001,1200000.0477,1799999.9523
28.10.2024 00:13:19.590 GMT-0700,0.65998,0.65989,1200000.0477,1200000.0477
28.10.2024 00:13:21.033 GMT-0700,0.6599700000000001,0.6598700000000001,1200000.0477,1200000.0477
28.10.2024 00:13:21.288 GMT-0700,0.65994,0.6598700000000001,1200000.0477,1200000.0477
28.10.2024 00:13:21.340 GMT-0700,0.65993,0.65985,1200000.0477,1799999.9523
28.10.2024 00:13:21.798 GMT-0700,0.6599200000000001,0.65985,1200000.0477,1200000.0477
28.10.2024 00:13:21.900 GMT-0700,0.65993,0.65985,1799999.9523,1200000.0477
28.10.2024 00:13:30.279 GMT-0700,0.65993,0.65983,2700000.0477,1200000.0477
28.10.2024 00:13:30.382 GMT-0700,0.6599200000000001,0.65982,1200000.0477,1200000.0477
28.10.2024 00:13:30.688 GMT-0700,0.6599,0.6598100000000001,1200000.0477,1799999.9523
28.10.2024 00:13:47.171 GMT-0700,0.6599100000000001,0.65982,1799999.9523,1200000.0477
28.10.2024 00:13:47.275 GMT-0700,0.6599200000000001,0.65983,1200000.0477,1799999.9523
28.10.2024 00:13:51.798 GMT-0700,0.65994,0.65983,1799999.9523,1200000.0477
28.10.2024 00:13:53.114 GMT-0700,0.6599200000000001,0.65984,1799999.9523,1200000.0477
28.10.2024 00:13:53.166 GMT-0700,0.6599100000000001,0.65982,1200000.0477,3599999.9046
28.10.2024 00:14:00.334 GMT-0700,0.6599200000000001,0.65984,2700000.0477,1200000.0477
28.10.2024 00:14:00.945 GMT-0700,0.65993,0.65984,1799999.9523,1200000.0477
28.10.2024 00:14:03.516 GMT-0700,0.6599,0.65982,1200000.0477,3599999.9046
28.10.2024 00:14:08.928 GMT-0700,0.6599,0.6598100000000001,1200000.0477,3599999.9046
28.10.2024 00:14:27.102 GMT-0700,0.65988,0.6598,1799999.9523,1200000.0477
28.10.2024 00:14:27.205 GMT-0700,0.65988,0.65979,1799999.9523,1799999.9523
28.10.2024 00:14:27.308 GMT-0700,0.65989,0.65979,1799999.9523,1200000.0477
28.10.2024 00:14:28.873 GMT-0700,0.65988,0.65979,1799999.9523,1200000.0477
28.10.2024 00:14:45.387 GMT-0700,0.65988,0.6598,1200000.0477,1200000.0477
28.10.2024 00:14:46.650 GMT-0700,0.65989,0.6598,2700000.0477,1200000.0477
28.10.2024 00:14:48.170 GMT-0700,0.65989,0.6598100000000001,1799999.9523,1200000.0477
28.10.2024 00:14:48.272 GMT-0700,0.6599,0.6598100000000001,2700000.0477,1200000.0477
28.10.2024 00:14:53.712 GMT-0700,0.6599100000000001,0.65982,1200000.0477,1799999.9523
28.10.2024 00:14:53.814 GMT-0700,0.6599100000000001,0.65983,1200000.0477,1799999.9523
28.10.2024 00:14:53.916 GMT-0700,0.6599100000000001,0.65982,1200000.0477,1799999.9523
28.10.2024 00:14:55.734 GMT-0700,0.6599100000000001,0.6598100000000001,1200000.0477,3150000.0954
28.10.2024 00:14:55.838 GMT-0700,0.6599100000000001,0.65982,1200000.0477,1799999.9523
28.10.2024 00:14:56.901 GMT-0700,0.6599100000000001,0.6598100000000001,1200000.0477,3150000.0954
28.10.2024 00:14:58.113 GMT-0700,0.6599200000000001,0.65982,1200000.0477,4050000.1907
28.10.2024 00:14:58.215 GMT-0700,0.65993,0.65982,1200000.0477,1799999.9523
28.10.2024 00:14:58.318 GMT-0700,0.6599200000000001,0.65982,1200000.0477,3150000.0954
28.10.2024 00:14:59.263 GMT-0700,0.6599100000000001,0.6598100000000001,1200000.0477,2700000.0477
28.10.2024 00:14:59.366 GMT-0700,0.6599100000000001,0.6598,1200000.0477,1799999.9523
28.10.2024 00:14:59.468 GMT-0700,0.6599,0.6598,1200000.0477,3690000.0572
28.10.2024 00:14:59.922 GMT-0700,0.6599100000000001,0.6598100000000001,1200000.0477,2700000.0477
28.10.2024 00:15:02.401 GMT-0700,0.6599200000000001,0.6598100000000001,1200000.0477,2700000.0477
28.10.2024 00:15:02.858 GMT-0700,0.6599200000000001,0.65982,1200000.0477,4050000.1907
28.10.2024 00:15:03.921 GMT-0700,0.65993,0.65982,1200000.0477,2700000.0477
28.10.2024 00:15:04.023 GMT-0700,0.65993,0.65983,1200000.0477,3599999.9046
28.10.2024 00:15:04.125 GMT-0700,0.65994,0.65984,1200000.0477,1200000.0477
28.10.2024 00:15:05.391 GMT-0700,0.65994,0.65985,1200000.0477,1799999.9523
28.10.2024 00:15:05.544 GMT-0700,0.65994,0.65984,1200000.0477,3599999.9046
28.10.2024 00:15:08.976 GMT-0700,0.65995,0.65985,1200000.0477,1200000.0477
28.10.2024 00:15:12.599 GMT-0700,0.6599600000000001,0.6598600000000001,1799999.9523,1799999.9523
28.10.2024 00:15:14.816 GMT-0700,0.65995,0.65985,1799999.9523,2700000.0477
28.10.2024 00:15:15.421 GMT-0700,0.65994,0.65984,1200000.0477,3599999.9046
28.10.2024 00:15:30.521 GMT-0700,0.6599600000000001,0.6598600000000001,3599999.9046,1799999.9523
28.10.2024 00:15:31.730 GMT-0700,0.6599600000000001,0.6598700000000001,3599999.9046,1200000.0477
28.10.2024 00:15:32.134 GMT-0700,0.65995,0.6598600000000001,2700000.0477,1200000.0477
28.10.2024 00:15:33.400 GMT-0700,0.6599600000000001,0.6598600000000001,1200000.0477,1200000.0477
28.10.2024 00:15:37.132 GMT-0700,0.6599600000000001,0.6598700000000001,1799999.9523,1200000.0477
28.10.2024 00:15:37.637 GMT-0700,0.6599600000000001,0.65988,1200000.0477,1200000.0477
28.10.2024 00:15:39.753 GMT-0700,0.6599700000000001,0.6598600000000001,1200000.0477,1200000.0477
28.10.2024 00:15:39.857 GMT-0700,0.65995,0.65985,2700000.0477,1799999.9523
28.10.2024 00:15:46.946 GMT-0700,0.65995,0.65984,1200000.0477,1200000.0477
28.10.2024 00:15:47.602 GMT-0700,0.6599200000000001,0.65984,2700000.0477,1200000.0477
28.10.2024 00:15:47.705 GMT-0700,0.6599200000000001,0.65982,1799999.9523,3150000.0954
28.10.2024 00:15:53.863 GMT-0700,0.6599100000000001,0.65982,1799999.9523,1200000.0477
28.10.2024 00:15:54.066 GMT-0700,0.6599200000000001,0.65982,4500000,1200000.0477
28.10.2024 00:15:54.168 GMT-0700,0.6599100000000001,0.65982,1799999.9523,1200000.0477
28.10.2024 00:15:54.270 GMT-0700,0.65993,0.6598100000000001,4500000,1200000.0477
28.10.2024 00:15:55.685 GMT-0700,0.6599100000000001,0.65982,1799999.9523,1200000.0477
28.10.2024 00:15:55.787 GMT-0700,0.65993,0.6598100000000001,4500000,1200000.0477
28.10.2024 00:16:00.058 GMT-0700,0.6599100000000001,0.65982,1200000.0477,1200000.0477
28.10.2024 00:16:00.262 GMT-0700,0.6599200000000001,0.65983,1200000.0477,1799999.9523
28.10.2024 00:16:00.369 GMT-0700,0.65993,0.65983,1799999.9523,3599999.9046
28.10.2024 00:16:01.137 GMT-0700,0.65993,0.65982,1200000.0477,1200000.0477
28.10.2024 00:16:02.558 GMT-0700,0.65993,0.65984,4500000,1799999.9523
28.10.2024 00:16:02.610 GMT-0700,0.65995,0.6598700000000001,2700000.0477,1200000.0477
28.10.2024 00:16:02.765 GMT-0700,0.6599600000000001,0.6598700000000001,1200000.0477,1200000.0477
28.10.2024 00:16:04.385 GMT-0700,0.65995,0.6598600000000001,1200000.0477,1200000.0477
28.10.2024 00:16:12.639 GMT-0700,0.6599700000000001,0.6598700000000001,1200000.0477,1200000.0477
28.10.2024 00:16:12.793 GMT-0700,0.6599700000000001,0.65988,1200000.0477,1799999.9523
28.10.2024 00:16:18.713 GMT-0700,0.6599600000000001,0.65988,1200000.0477,1200000.0477
28.10.2024 00:16:19.168 GMT-0700,0.6599600000000001,0.6598700000000001,1200000.0477,1799999.9523
28.10.2024 00:16:19.623 GMT-0700,0.65995,0.6598600000000001,1200000.0477,1200000.0477
28.10.2024 00:16:30.856 GMT-0700,0.65994,0.65988,1200000.0477,1200000.0477
28.10.2024 00:16:31.811 GMT-0700,0.6599700000000001,0.6598700000000001,1200000.0477,1200000.0477
28.10.2024 00:16:33.632 GMT-0700,0.6599700000000001,0.65989,1799999.9523,1200000.0477
28.10.2024 00:16:33.735 GMT-0700,0.65999,0.6599100000000001,1200000.0477,1200000.0477
28.10.2024 00:16:40.278 GMT-0700,0.65999,0.6599200000000001,1200000.0477,1200000.0477
28.10.2024 00:16:42.291 GMT-0700,0.65999,0.65993,1200000.0477,1200000.0477
28.10.2024 00:16:42.346 GMT-0700,0.6600100000000001,0.65993,1200000.0477,1799999.9523
28.10.2024 00:16:42.449 GMT-0700,0.66,0.65993,1200000.0477,1200000.0477
28.10.2024 00:16:42.552 GMT-0700,0.6600100000000001,0.65993,1200000.0477,1799999.9523
28.10.2024 00:16:42.754 GMT-0700,0.66,0.65993,1200000.0477,1200000.0477
28.10.2024 00:16:43.108 GMT-0700,0.66005,0.6599600000000001,2700000.0477,1200000.0477
28.10.2024 00:16:43.211 GMT-0700,0.66008,0.66,1200000.0477,1200000.0477
28.10.2024 00:16:43.315 GMT-0700,0.66014,0.66004,4500000,1200000.0477
28.10.2024 00:16:43.419 GMT-0700,0.66014,0.66003,1799999.9523,1799999.9523
28.10.2024 00:16:44.484 GMT-0700,0.66014,0.66005,1200000.0477,1200000.0477
28.10.2024 00:16:44.587 GMT-0700,0.66015,0.66005,1200000.0477,1200000.0477
28.10.2024 00:16:47.362 GMT-0700,0.66014,0.66007,1200000.0477,1200000.0477
28.10.2024 00:16:47.464 GMT-0700,0.66014,0.6600600000000001,1200000.0477,1200000.0477
28.10.2024 00:16:48.273 GMT-0700,0.66014,0.66007,1200000.0477,1200000.0477
28.10.2024 00:16:48.426 GMT-0700,0.66015,0.66007,1200000.0477,1200000.0477
28.10.2024 00:16:49.236 GMT-0700,0.6601600000000001,0.66005,1200000.0477,1799999.9523
28.10.2024 00:16:54.333 GMT-0700,0.6601600000000001,0.6600600000000001,1200000.0477,1200000.0477
28.10.2024 00:16:54.587 GMT-0700,0.66015,0.6600600000000001,1200000.0477,1799999.9523
28.10.2024 00:16:56.757 GMT-0700,0.66017,0.6600600000000001,1200000.0477,4500000
28.10.2024 00:17:00.154 GMT-0700,0.66013,0.6600600000000001,1200000.0477,1200000.0477
28.10.2024 00:17:00.256 GMT-0700,0.66013,0.66003,1799999.9523,3599999.9046
28.10.2024 00:17:00.513 GMT-0700,0.66012,0.66004,1200000.0477,1200000.0477
28.10.2024 00:17:01.074 GMT-0700,0.66012,0.66005,1200000.0477,1200000.0477
28.10.2024 00:17:05.922 GMT-0700,0.66012,0.66003,1200000.0477,1200000.0477
28.10.2024 00:17:13.509 GMT-0700,0.66013,0.66003,1799999.9523,1200000.0477
28.10.2024 00:17:13.661 GMT-0700,0.66015,0.66002,3599999.9046,1200000.0477
28.10.2024 00:17:13.763 GMT-0700,0.66014,0.66002,1799999.9523,1200000.0477
28.10.2024 00:17:14.016 GMT-0700,0.66014,0.66003,2700000.0477,1200000.0477
28.10.2024 00:17:14.269 GMT-0700,0.66013,0.66003,1799999.9523,1200000.0477
28.10.2024 00:17:14.422 GMT-0700,0.66014,0.66003,2700000.0477,2700000.0477
28.10.2024 00:17:14.524 GMT-0700,0.66013,0.66003,1799999.9523,1200000.0477
28.10.2024 00:17:14.778 GMT-0700,0.66015,0.66002,2700000.0477,2700000.0477
28.10.2024 00:17:14.880 GMT-0700,0.66013,0.66003,1799999.9523,1200000.0477
28.10.2024 00:17:14.982 GMT-0700,0.66014,0.66003,2700000.0477,1200000.0477
28.10.2024 00:17:15.084 GMT-0700,0.66013,0.66003,1799999.9523,1200000.0477
28.10.2024 00:17:15.389 GMT-0700,0.66014,0.66003,2700000.0477,1200000.0477
28.10.2024 00:17:15.491 GMT-0700,0.66013,0.66003,1799999.9523,1200000.0477
28.10.2024 00:17:15.644 GMT-0700,0.66014,0.66003,2700000.0477,1200000.0477
28.10.2024 00:17:15.746 GMT-0700,0.66014,0.66002,1799999.9523,1200000.0477
28.10.2024 00:17:15.847 GMT-0700,0.66014,0.66003,2700000.0477,1200000.0477
28.10.2024 00:17:17.622 GMT-0700,0.66013,0.66003,1799999.9523,1799999.9523
28.10.2024 00:17:17.724 GMT-0700,0.66014,0.66003,3599999.9046,3599999.9046
28.10.2024 00:17:17.826 GMT-0700,0.66014,0.66002,1799999.9523,1799999.9523
28.10.2024 00:17:17.928 GMT-0700,0.66014,0.66003,3599999.9046,3599999.9046
28.10.2024 00:17:18.937 GMT-0700,0.66013,0.66003,1799999.9523,1799999.9523
28.10.2024 00:17:19.090 GMT-0700,0.66014,0.66003,4500000,1799999.9523
28.10.2024 00:17:19.192 GMT-0700,0.66014,0.66002,1799999.9523,1799999.9523
28.10.2024 00:17:19.294 GMT-0700,0.66014,0.66003,4500000,1799999.9523
28.10.2024 00:17:19.597 GMT-0700,0.66013,0.66003,1799999.9523,1799999.9523
28.10.2024 00:17:20.203 GMT-0700,0.66014,0.66003,4500000,3599999.9046
28.10.2024 00:17:20.306 GMT-0700,0.66013,0.66003,1799999.9523,1799999.9523
28.10.2024 00:17:20.408 GMT-0700,0.66015,0.66002,4500000,1799999.9523
28.10.2024 00:17:20.562 GMT-0700,0.66013,0.66003,1799999.9523,1799999.9523
28.10.2024 00:17:24.080 GMT-0700,0.66012,0.66004,1200000.0477,1200000.0477
28.10.2024 00:17:25.503 GMT-0700,0.66014,0.66002,1799999.9523,1200000.0477
28.10.2024 00:17:25.655 GMT-0700,0.66015,0.66002,1799999.9523,2700000.0477
28.10.2024 00:17:25.808 GMT-0700,0.66013,0.66003,1799999.9523,1200000.0477
28.10.2024 00:17:25.910 GMT-0700,0.66014,0.66003,1799999.9523,2700000.0477
28.10.2024 00:17:27.282 GMT-0700,0.66013,0.66003,1799999.9523,1799999.9523
28.10.2024 00:17:27.384 GMT-0700,0.66014,0.66003,3599999.9046,1799999.9523
28.10.2024 00:17:27.539 GMT-0700,0.66013,0.66003,1799999.9523,1799999.9523
28.10.2024 00:17:27.641 GMT-0700,0.66014,0.66003,3599999.9046,3599999.9046
28.10.2024 00:17:27.743 GMT-0700,0.66013,0.66003,1799999.9523,1799999.9523
28.10.2024 00:17:27.894 GMT-0700,0.66014,0.66003,3599999.9046,3599999.9046
28.10.2024 00:17:28.098 GMT-0700,0.66013,0.66003,2700000.0477,1799999.9523
28.10.2024 00:17:29.366 GMT-0700,0.66013,0.66004,1200000.0477,1200000.0477
28.10.2024 00:17:30.686 GMT-0700,0.6601100000000001,0.66002,1200000.0477,3599999.9046
28.10.2024 00:17:30.943 GMT-0700,0.66012,0.66003,1200000.0477,1200000.0477
28.10.2024 00:17:38.258 GMT-0700,0.66012,0.66004,1200000.0477,1200000.0477
28.10.2024 00:17:42.553 GMT-0700,0.6601100000000001,0.66004,1200000.0477,1200000.0477
28.10.2024 00:17:44.125 GMT-0700,0.66014,0.66003,3599999.9046,1200000.0477
28.10.2024 00:17:44.227 GMT-0700,0.66014,0.66002,2700000.0477,1200000.0477
28.10.2024 00:17:50.281 GMT-0700,0.66012,0.66003,1200000.0477,1799999.9523
28.10.2024 00:17:51.348 GMT-0700,0.66012,0.66004,1200000.0477,1200000.0477
28.10.2024 00:17:51.856 GMT-0700,0.66013,0.66003,1799999.9523,1200000.0477
28.10.2024 00:17:52.562 GMT-0700,0.66014,0.66003,2700000.0477,1200000.0477
28.10.2024 00:17:52.765 GMT-0700,0.66013,0.66003,1799999.9523,1200000.0477
28.10.2024 00:17:56.148 GMT-0700,0.66012,0.66003,1200000.0477,1200000.0477
28.10.2024 00:18:25.076 GMT-0700,0.66012,0.66002,3599999.9046,1200000.0477
28.10.2024 00:18:25.178 GMT-0700,0.6601100000000001,0.66002,1200000.0477,1200000.0477
28.10.2024 00:18:25.834 GMT-0700,0.66012,0.66,1320000.0525,1200000.0477
28.10.2024 00:18:26.140 GMT-0700,0.6601100000000001,0.66,5400000.0954,3599999.9046
28.10.2024 00:18:26.243 GMT-0700,0.6601100000000001,0.6600100000000001,1799999.9523,2700000.0477
28.10.2024 00:18:30.834 GMT-0700,0.6601100000000001,0.66,2700000.0477,1200000.0477
28.10.2024 00:18:34.469 GMT-0700,0.6601100000000001,0.66002,1200000.0477,1200000.0477
28.10.2024 00:18:41.843 GMT-0700,0.66013,0.66002,5400000.0954,4500000
28.10.2024 00:18:42.604 GMT-0700,0.66013,0.6600100000000001,1799999.9523,2700000.0477
28.10.2024 00:18:48.583 GMT-0700,0.66012,0.6600100000000001,1200000.0477,1200000.0477
28.10.2024 00:18:49.445 GMT-0700,0.66012,0.66002,2700000.0477,1799999.9523
28.10.2024 00:18:49.497 GMT-0700,0.66013,0.6600600000000001,1799999.9523,1200000.0477
28.10.2024 00:18:49.703 GMT-0700,0.66013,0.66004,1200000.0477,1200000.0477
28.10.2024 00:18:51.129 GMT-0700,0.66013,0.66003,3599999.9046,1200000.0477
28.10.2024 00:18:51.232 GMT-0700,0.6601100000000001,0.66003,1200000.0477,1200000.0477
28.10.2024 00:18:54.414 GMT-0700,0.66008,0.66002,1200000.0477,1200000.0477
28.10.2024 00:18:54.517 GMT-0700,0.66008,0.65998,1200000.0477,1200000.0477
28.10.2024 00:18:58.724 GMT-0700,0.66008,0.65999,1799999.9523,1200000.0477
28.10.2024 00:18:59.433 GMT-0700,0.66009,0.65999,2700000.0477,1200000.0477
28.10.2024 00:18:59.636 GMT-0700,0.66008,0.65999,1799999.9523,1200000.0477
28.10.2024 00:19:00.547 GMT-0700,0.66009,0.65999,1799999.9523,1200000.0477
28.10.2024 00:19:00.649 GMT-0700,0.66008,0.65999,1799999.9523,1200000.0477
28.10.2024 00:19:00.752 GMT-0700,0.66009,0.65999,1799999.9523,1200000.0477
28.10.2024 00:19:00.854 GMT-0700,0.66008,0.65999,1799999.9523,1200000.0477
28.10.2024 00:19:01.210 GMT-0700,0.6601,0.65998,2700000.0477,1200000.0477
28.10.2024 00:19:03.024 GMT-0700,0.66008,0.65999,1799999.9523,1799999.9523
28.10.2024 00:19:03.126 GMT-0700,0.6601,0.65998,3599999.9046,1799999.9523
28.10.2024 00:19:03.328 GMT-0700,0.66008,0.65999,1799999.9523,1799999.9523
28.10.2024 00:19:03.481 GMT-0700,0.66009,0.65999,3599999.9046,1200000.0477
28.10.2024 00:19:04.590 GMT-0700,0.66008,0.65999,1200000.0477,1200000.0477
28.10.2024 00:19:06.894 GMT-0700,0.66007,0.65999,1200000.0477,1200000.0477
28.10.2024 00:19:07.046 GMT-0700,0.66008,0.65999,1799999.9523,1200000.0477
28.10.2024 00:19:08.005 GMT-0700,0.66007,0.65999,1200000.0477,1200000.0477
28.10.2024 00:19:08.710 GMT-0700,0.66008,0.65999,3599999.9046,1200000.0477
28.10.2024 00:19:09.114 GMT-0700,0.66008,0.65998,1200000.0477,1200000.0477
28.10.2024 00:19:12.191 GMT-0700,0.6600600000000001,0.65999,1200000.0477,1200000.0477
28.10.2024 00:19:12.344 GMT-0700,0.6600600000000001,0.65998,1200000.0477,1200000.0477
28.10.2024 00:19:13.053 GMT-0700,0.6600600000000001,0.65999,1200000.0477,1200000.0477
28.10.2024 00:19:14.776 GMT-0700,0.6600600000000001,0.66,1200000.0477,1799999.9523
28.10.2024 00:19:14.829 GMT-0700,0.66008,0.6600100000000001,1200000.0477,1200000.0477
28.10.2024 00:19:17.457 GMT-0700,0.66009,0.6600100000000001,1799999.9523,1200000.0477
28.10.2024 00:19:18.014 GMT-0700,0.66008,0.6600100000000001,1200000.0477,1200000.0477
28.10.2024 00:19:23.249 GMT-0700,0.66007,0.66,1799999.9523,1799999.9523
28.10.2024 00:19:23.352 GMT-0700,0.6600600000000001,0.65999,1200000.0477,1200000.0477
28.10.2024 00:19:47.453 GMT-0700,0.6600600000000001,0.6599700000000001,1200000.0477,1200000.0477
28.10.2024 00:19:51.078 GMT-0700,0.66004,0.6599600000000001,1200000.0477,1200000.0477
28.10.2024 00:19:51.181 GMT-0700,0.66004,0.65993,1200000.0477,2700000.0477
28.10.2024 00:19:51.284 GMT-0700,0.66003,0.65995,1799999.9523,1200000.0477
28.10.2024 00:19:51.589 GMT-0700,0.66004,0.65995,1200000.0477,1200000.0477
28.10.2024 00:19:51.641 GMT-0700,0.66005,0.65998,1799999.9523,1200000.0477
28.10.2024 00:19:58.103 GMT-0700,0.66007,0.65998,1200000.0477,1200000.0477
28.10.2024 00:19:59.116 GMT-0700,0.66005,0.65998,1200000.0477,1200000.0477
28.10.2024 00:20:04.206 GMT-0700,0.6600600000000001,0.65999,1200000.0477,1200000.0477
28.10.2024 00:20:04.409 GMT-0700,0.6600600000000001,0.65998,1200000.0477,1200000.0477
28.10.2024 00:20:06.528 GMT-0700,0.66009,0.66,1799999.9523,1799999.9523
28.10.2024 00:20:07.042 GMT-0700,0.66009,0.6600100000000001,1200000.0477,1799999.9523
28.10.2024 00:20:07.347 GMT-0700,0.6601100000000001,0.65999,1799999.9523,3599999.9046
28.10.2024 00:20:07.398 GMT-0700,0.6601,0.66002,1200000.0477,1799999.9523
28.10.2024 00:20:08.005 GMT-0700,0.6601,0.6600100000000001,1200000.0477,3599999.9046
28.10.2024 00:20:08.108 GMT-0700,0.6601,0.66002,1200000.0477,1799999.9523
28.10.2024 00:20:08.210 GMT-0700,0.6601,0.6600100000000001,1200000.0477,3599999.9046
28.10.2024 00:20:08.312 GMT-0700,0.66008,0.66,1200000.0477,1200000.0477
28.10.2024 00:20:08.415 GMT-0700,0.66007,0.65998,1200000.0477,2700000.0477
28.10.2024 00:20:12.602 GMT-0700,0.66008,0.65998,1799999.9523,1200000.0477
28.10.2024 00:20:17.797 GMT-0700,0.6600600000000001,0.65998,1200000.0477,1200000.0477
28.10.2024 00:20:19.672 GMT-0700,0.66005,0.6599700000000001,1200000.0477,1200000.0477
28.10.2024 00:20:20.076 GMT-0700,0.66003,0.65995,1200000.0477,1799999.9523
28.10.2024 00:20:20.179 GMT-0700,0.6600100000000001,0.65993,1200000.0477,1200000.0477
28.10.2024 00:20:20.281 GMT-0700,0.66,0.6599200000000001,1799999.9523,1200000.0477
28.10.2024 00:20:20.384 GMT-0700,0.66,0.6599,1200000.0477,1200000.0477
28.10.2024 00:20:20.842 GMT-0700,0.6599600000000001,0.65989,1200000.0477,1200000.0477
28.10.2024 00:20:20.946 GMT-0700,0.6599600000000001,0.65988,1200000.0477,1200000.0477
28.10.2024 00:20:23.804 GMT-0700,0.6599700000000001,0.65989,1799999.9523,1200000.0477
28.10.2024 00:20:29.864 GMT-0700,0.65995,0.65988,1200000.0477,1200000.0477
28.10.2024 00:20:32.092 GMT-0700,0.65994,0.6598600000000001,1200000.0477,1799999.9523
28.10.2024 00:20:32.144 GMT-0700,0.6599200000000001,0.65984,1200000.0477,3599999.9046
28.10.2024 00:20:32.246 GMT-0700,0.65993,0.65985,1200000.0477,1200000.0477
28.10.2024 00:20:39.119 GMT-0700,0.6599600000000001,0.6598600000000001,1200000.0477,1200000.0477
28.10.2024 00:20:47.300 GMT-0700,0.6599700000000001,0.6598700000000001,1200000.0477,1200000.0477
28.10.2024 00:20:52.570 GMT-0700,0.65998,0.6599,1799999.9523,1200000.0477
28.10.2024 00:20:52.673 GMT-0700,0.66002,0.65993,2700000.0477,1200000.0477
28.10.2024 00:20:54.998 GMT-0700,0.66003,0.65994,1200000.0477,1200000.0477
28.10.2024 00:20:55.101 GMT-0700,0.66003,0.65995,1200000.0477,1799999.9523
28.10.2024 00:20:56.063 GMT-0700,0.66005,0.65994,1200000.0477,1799999.9523
28.10.2024 00:20:56.166 GMT-0700,0.66005,0.65995,1200000.0477,1200000.0477
28.10.2024 00:20:58.138 GMT-0700,0.66004,0.65995,1200000.0477,1799999.9523
28.10.2024 00:21:00.155 GMT-0700,0.6600100000000001,0.65994,1200000.0477,1200000.0477
28.10.2024 00:21:00.258 GMT-0700,0.66002,0.6599200000000001,1200000.0477,1799999.9523
28.10.2024 00:21:00.972 GMT-0700,0.66,0.6599200000000001,1200000.0477,1799999.9523
28.10.2024 00:21:01.074 GMT-0700,0.65999,0.6599100000000001,1200000.0477,1799999.9523
28.10.2024 00:21:01.178 GMT-0700,0.65999,0.6599200000000001,1200000.0477,1200000.0477
28.10.2024 00:21:02.704 GMT-0700,0.6600100000000001,0.6599200000000001,1200000.0477,3599999.9046
28.10.2024 00:21:22.586 GMT-0700,0.66002,0.65994,1200000.0477,1200000.0477
28.10.2024 00:21:22.790 GMT-0700,0.66002,0.6599200000000001,1200000.0477,1799999.9523
28.10.2024 00:21:31.947 GMT-0700,0.66,0.6599200000000001,1200000.0477,1799999.9523
28.10.2024 00:21:45.299 GMT-0700,0.65999,0.6599100000000001,1200000.0477,1200000.0477
28.10.2024 00:21:46.099 GMT-0700,0.66,0.6599200000000001,1200000.0477,1799999.9523
28.10.2024 00:21:51.749 GMT-0700,0.66002,0.6599200000000001,1200000.0477,1799999.9523
28.10.2024 00:21:51.851 GMT-0700,0.66003,0.65993,1200000.0477,1200000.0477
28.10.2024 00:21:51.954 GMT-0700,0.66003,0.6599600000000001,1200000.0477,1200000.0477
28.10.2024 00:21:52.058 GMT-0700,0.66004,0.6599600000000001,1200000.0477,1799999.9523
28.10.2024 00:21:52.969 GMT-0700,0.66005,0.6599700000000001,1200000.0477,1799999.9523
28.10.2024 00:21:53.326 GMT-0700,0.66008,0.6600100000000001,1799999.9523,1200000.0477
28.10.2024 00:21:53.378 GMT-0700,0.6601100000000001,0.66003,2700000.0477,1200000.0477
28.10.2024 00:21:53.481 GMT-0700,0.66012,0.66004,1200000.0477,1200000.0477
28.10.2024 00:21:53.634 GMT-0700,0.6601100000000001,0.66003,1200000.0477,1200000.0477
28.10.2024 00:21:58.034 GMT-0700,0.66012,0.66004,1200000.0477,1200000.0477
28.10.2024 00:21:59.296 GMT-0700,0.66012,0.66005,1200000.0477,1200000.0477
28.10.2024 00:21:59.348 GMT-0700,0.66014,0.6600600000000001,1200000.0477,1200000.0477
28.10.2024 00:21:59.450 GMT-0700,0.66015,0.66007,1200000.0477,1799999.9523
28.10.2024 00:21:59.552 GMT-0700,0.66015,0.66008,1200000.0477,1200000.0477
28.10.2024 00:22:00.163 GMT-0700,0.66015,0.66007,1200000.0477,1799999.9523
28.10.2024 00:22:02.389 GMT-0700,0.66014,0.66005,1200000.0477,1200000.0477
28.10.2024 00:22:02.440 GMT-0700,0.66015,0.6600600000000001,1200000.0477,3599999.9046
28.10.2024 00:22:02.543 GMT-0700,0.66015,0.66007,1200000.0477,1200000.0477
28.10.2024 00:22:02.646 GMT-0700,0.66015,0.6600600000000001,1200000.0477,3599999.9046
28.10.2024 00:22:03.151 GMT-0700,0.66015,0.66007,1200000.0477,1200000.0477
28.10.2024 00:22:06.122 GMT-0700,0.66014,0.66007,1200000.0477,1200000.0477
28.10.2024 00:22:09.272 GMT-0700,0.6601800000000001,0.66007,1200000.0477,1799999.9523
28.10.2024 00:22:09.476 GMT-0700,0.6601600000000001,0.66008,1200000.0477,1200000.0477
28.10.2024 00:22:09.578 GMT-0700,0.66015,0.66008,1200000.0477,1200000.0477
28.10.2024 00:22:10.187 GMT-0700,0.66015,0.66007,1200000.0477,1200000.0477
28.10.2024 00:22:11.557 GMT-0700,0.6601600000000001,0.66007,1200000.0477,1200000.0477
28.10.2024 00:22:15.402 GMT-0700,0.66017,0.66008,1200000.0477,1799999.9523
28.10.2024 00:22:16.167 GMT-0700,0.6601899999999999,0.6601100000000001,1200000.0477,1200000.0477
28.10.2024 00:22:20.053 GMT-0700,0.6601800000000001,0.6601,1200000.0477,1799999.9523
28.10.2024 00:22:24.033 GMT-0700,0.6601600000000001,0.66009,1200000.0477,1200000.0477
28.10.2024 00:22:24.237 GMT-0700,0.66017,0.66009,1200000.0477,1200000.0477
28.10.2024 00:22:24.996 GMT-0700,0.6601600000000001,0.66008,1200000.0477,1200000.0477
28.10.2024 00:22:25.098 GMT-0700,0.66015,0.66008,1200000.0477,1200000.0477
28.10.2024 00:22:30.251 GMT-0700,0.66017,0.66008,1200000.0477,1200000.0477
28.10.2024 00:22:30.430 GMT-0700,0.6601800000000001,0.66008,1200000.0477,3599999.9046
28.10.2024 00:22:32.605 GMT-0700,0.66017,0.66007,1200000.0477,1799999.9523
28.10.2024 00:22:34.375 GMT-0700,0.66017,0.66008,1200000.0477,1799999.9523
28.10.2024 00:22:36.690 GMT-0700,0.66017,0.66007,1200000.0477,1200000.0477
28.10.2024 00:22:36.793 GMT-0700,0.66012,0.66004,1200000.0477,1799999.9523
28.10.2024 00:22:36.895 GMT-0700,0.66012,0.66005,1200000.0477,1200000.0477
28.10.2024 00:22:36.998 GMT-0700,0.66012,0.66004,1200000.0477,1799999.9523
28.10.2024 00:22:37.101 GMT-0700,0.66012,0.66002,1200000.0477,2700000.0477
28.10.2024 00:22:37.961 GMT-0700,0.6601,0.66003,1200000.0477,1200000.0477
28.10.2024 00:22:38.064 GMT-0700,0.66008,0.6600100000000001,1200000.0477,1799999.9523
28.10.2024 00:22:38.116 GMT-0700,0.6601100000000001,0.66003,1200000.0477,1200000.0477
28.10.2024 00:22:38.472 GMT-0700,0.66013,0.66003,1200000.0477,1200000.0477
28.10.2024 00:22:41.662 GMT-0700,0.6601100000000001,0.66003,1200000.0477,1799999.9523
28.10.2024 00:22:42.982 GMT-0700,0.6601100000000001,0.6600100000000001,1200000.0477,1799999.9523
28.10.2024 00:22:48.631 GMT-0700,0.66012,0.66004,1200000.0477,1200000.0477
28.10.2024 00:22:51.199 GMT-0700,0.66013,0.6600600000000001,1799999.9523,1200000.0477
28.10.2024 00:22:51.305 GMT-0700,0.66017,0.66009,1799999.9523,1200000.0477
28.10.2024 00:22:54.548 GMT-0700,0.6601800000000001,0.66009,1200000.0477,1799999.9523
28.10.2024 00:22:56.972 GMT-0700,0.6601800000000001,0.66008,1200000.0477,1200000.0477
28.10.2024 00:22:58.537 GMT-0700,0.6601800000000001,0.6601,2700000.0477,1200000.0477
28.10.2024 00:22:58.640 GMT-0700,0.6602100000000001,0.66013,1200000.0477,1200000.0477
28.10.2024 00:22:59.505 GMT-0700,0.6602,0.66013,1200000.0477,1200000.0477
28.10.2024 00:22:59.658 GMT-0700,0.6602,0.66012,1200000.0477,1799999.9523
28.10.2024 00:23:00.015 GMT-0700,0.6602100000000001,0.6601,1200000.0477,1889999.9857
28.10.2024 00:23:00.321 GMT-0700,0.6602,0.6601,1200000.0477,1889999.9857
28.10.2024 00:23:10.251 GMT-0700,0.66017,0.6601100000000001,1200000.0477,1200000.0477
28.10.2024 00:23:10.302 GMT-0700,0.66017,0.66009,1200000.0477,1200000.0477
28.10.2024 00:23:12.368 GMT-0700,0.6601800000000001,0.66007,1200000.0477,1799999.9523
28.10.2024 00:23:12.622 GMT-0700,0.66017,0.66007,1200000.0477,1200000.0477
28.10.2024 00:23:13.533 GMT-0700,0.6601800000000001,0.66008,1200000.0477,1200000.0477
28.10.2024 00:23:14.256 GMT-0700,0.66017,0.6600600000000001,1200000.0477,1889999.9857
28.10.2024 00:23:27.308 GMT-0700,0.66013,0.66004,1200000.0477,2700000.0477
28.10.2024 00:23:27.410 GMT-0700,0.66013,0.66003,1200000.0477,1200000.0477
28.10.2024 00:23:27.614 GMT-0700,0.6601100000000001,0.66003,1200000.0477,1799999.9523
28.10.2024 00:23:28.628 GMT-0700,0.66012,0.66004,1200000.0477,1200000.0477
28.10.2024 00:23:28.731 GMT-0700,0.66015,0.66004,1200000.0477,3599999.9046
28.10.2024 00:23:35.195 GMT-0700,0.66012,0.66003,1200000.0477,2700000.0477
28.10.2024 00:23:37.212 GMT-0700,0.66013,0.66003,1799999.9523,1200000.0477
28.10.2024 00:23:45.129 GMT-0700,0.66013,0.6600600000000001,1200000.0477,1200000.0477
28.10.2024 00:23:45.235 GMT-0700,0.66014,0.6600600000000001,1200000.0477,1200000.0477
28.10.2024 00:23:46.095 GMT-0700,0.66015,0.66007,1200000.0477,1799999.9523
28.10.2024 00:23:57.022 GMT-0700,0.66015,0.66005,1200000.0477,1200000.0477
28.10.2024 00:23:57.125 GMT-0700,0.66012,0.66004,1200000.0477,1200000.0477
28.10.2024 00:23:57.986 GMT-0700,0.66014,0.66005,1200000.0477,1799999.9523
28.10.2024 00:24:00.113 GMT-0700,0.66012,0.66005,1200000.0477,1200000.0477
28.10.2024 00:24:00.165 GMT-0700,0.66012,0.66003,1200000.0477,3599999.9046
28.10.2024 00:24:00.571 GMT-0700,0.66013,0.66005,1200000.0477,1200000.0477
28.10.2024 00:24:02.741 GMT-0700,0.66013,0.66004,1200000.0477,1799999.9523
28.10.2024 00:24:02.843 GMT-0700,0.66012,0.66004,1200000.0477,1200000.0477
28.10.2024 00:24:03.249 GMT-0700,0.66014,0.66005,1200000.0477,3599999.9046
28.10.2024 00:24:05.196 GMT-0700,0.66014,0.66003,1200000.0477,1799999.9523
28.10.2024 00:24:14.550 GMT-0700,0.6601100000000001,0.66003,1200000.0477,1200000.0477
28.10.2024 00:24:14.653 GMT-0700,0.6601100000000001,0.66002,1200000.0477,1200000.0477
28.10.2024 00:24:24.166 GMT-0700,0.66008,0.66,1799999.9523,1200000.0477
28.10.2024 00:24:24.269 GMT-0700,0.66008,0.65999,1200000.0477,1799999.9523
28.10.2024 00:24:24.422 GMT-0700,0.66007,0.65998,1200000.0477,3599999.9046
28.10.2024 00:24:27.770 GMT-0700,0.66004,0.6599600000000001,1200000.0477,2700000.0477
28.10.2024 00:24:27.873 GMT-0700,0.66003,0.65995,1200000.0477,1799999.9523
28.10.2024 00:24:27.976 GMT-0700,0.66002,0.6599100000000001,1200000.0477,3599999.9046
28.10.2024 00:24:28.953 GMT-0700,0.66002,0.6599,1200000.0477,3690000.0572
28.10.2024 00:24:29.567 GMT-0700,0.6600100000000001,0.6599200000000001,1200000.0477,1799999.9523
28.10.2024 00:24:29.822 GMT-0700,0.66,0.6599100000000001,1200000.0477,2789999.9619
28.10.2024 00:24:29.924 GMT-0700,0.6600100000000001,0.6599100000000001,1799999.9523,3690000.0572
28.10.2024 00:24:32.302 GMT-0700,0.66002,0.6599100000000001,1200000.0477,1200000.0477
28.10.2024 00:24:51.015 GMT-0700,0.66002,0.65993,1200000.0477,1799999.9523
28.10.2024 00:24:51.117 GMT-0700,0.66004,0.6599200000000001,1799999.9523,4500000
28.10.2024 00:24:52.229 GMT-0700,0.6600100000000001,0.65993,1200000.0477,1799999.9523
28.10.2024 00:24:53.596 GMT-0700,0.6600100000000001,0.6599100000000001,1200000.0477,1799999.9523
28.10.2024 00:24:56.782 GMT-0700,0.6600100000000001,0.65993,1200000.0477,1200000.0477
28.10.2024 00:24:57.491 GMT-0700,0.66002,0.65994,1200000.0477,1200000.0477
28.10.2024 00:24:57.999 GMT-0700,0.66004,0.6599600000000001,1200000.0477,1200000.0477
28.10.2024 00:24:58.102 GMT-0700,0.66005,0.6599600000000001,1200000.0477,1799999.9523
28.10.2024 00:24:58.204 GMT-0700,0.66005,0.6599700000000001,1200000.0477,1200000.0477
28.10.2024 00:24:59.921 GMT-0700,0.6600600000000001,0.65995,1200000.0477,1799999.9523
28.10.2024 00:25:01.295 GMT-0700,0.6600600000000001,0.6599700000000001,1200000.0477,1799999.9523
28.10.2024 00:25:01.651 GMT-0700,0.66007,0.65998,1200000.0477,1200000.0477
28.10.2024 00:25:02.008 GMT-0700,0.6600600000000001,0.65998,1200000.0477,1200000.0477
28.10.2024 00:25:03.020 GMT-0700,0.66005,0.6599600000000001,1200000.0477,1889999.9857
28.10.2024 00:25:03.876 GMT-0700,0.66004,0.65995,1200000.0477,1799999.9523
28.10.2024 00:25:05.096 GMT-0700,0.66002,0.65993,1200000.0477,1200000.0477
28.10.2024 00:25:05.199 GMT-0700,0.66,0.6599200000000001,1200000.0477,1799999.9523
28.10.2024 00:25:06.366 GMT-0700,0.66,0.6599100000000001,1200000.0477,1200000.0477
28.10.2024 00:25:06.468 GMT-0700,0.66,0.6599,1200000.0477,1200000.0477
28.10.2024 00:25:07.228 GMT-0700,0.65999,0.6599,1200000.0477,1799999.9523
28.10.2024 00:25:07.783 GMT-0700,0.6599700000000001,0.65989,1200000.0477,1200000.0477
28.10.2024 00:25:07.937 GMT-0700,0.6599600000000001,0.65988,1200000.0477,1200000.0477
28.10.2024 00:25:11.434 GMT-0700,0.65995,0.6598700000000001,1200000.0477,1799999.9523
28.10.2024 00:25:16.588 GMT-0700,0.65993,0.65985,1200000.0477,3599999.9046
28.10.2024 00:25:16.802 GMT-0700,0.65995,0.65984,1799999.9523,2700000.0477
28.10.2024 00:25:17.059 GMT-0700,0.65994,0.65983,1799999.9523,1200000.0477
28.10.2024 00:25:17.161 GMT-0700,0.6599200000000001,0.65984,1200000.0477,1200000.0477
28.10.2024 00:25:17.264 GMT-0700,0.6599200000000001,0.65983,1799999.9523,1200000.0477
28.10.2024 00:25:18.934 GMT-0700,0.6599200000000001,0.65984,1799999.9523,1200000.0477
28.10.2024 00:25:19.891 GMT-0700,0.6599200000000001,0.65982,1200000.0477,1200000.0477
28.10.2024 00:25:20.960 GMT-0700,0.6599,0.65982,1200000.0477,1200000.0477
28.10.2024 00:25:21.316 GMT-0700,0.6599200000000001,0.65983,1799999.9523,1200000.0477
28.10.2024 00:25:26.163 GMT-0700,0.6599100000000001,0.65983,1799999.9523,1200000.0477
28.10.2024 00:25:26.268 GMT-0700,0.6599,0.65982,1200000.0477,1200000.0477
28.10.2024 00:25:29.547 GMT-0700,0.6599200000000001,0.65982,1799999.9523,1200000.0477
28.10.2024 00:25:45.350 GMT-0700,0.65994,0.65985,1200000.0477,1200000.0477
28.10.2024 00:25:45.455 GMT-0700,0.65995,0.6598700000000001,1799999.9523,1200000.0477
28.10.2024 00:26:00.225 GMT-0700,0.65995,0.65985,1200000.0477,1200000.0477
28.10.2024 00:26:01.036 GMT-0700,0.65995,0.6598700000000001,1799999.9523,1200000.0477
28.10.2024 00:26:06.844 GMT-0700,0.6599600000000001,0.65988,1200000.0477,1200000.0477
28.10.2024 00:26:06.947 GMT-0700,0.65998,0.65989,1799999.9523,1200000.0477
28.10.2024 00:26:13.209 GMT-0700,0.6599700000000001,0.65988,1799999.9523,1200000.0477
28.10.2024 00:26:16.245 GMT-0700,0.6599700000000001,0.65989,1799999.9523,1200000.0477
28.10.2024 00:26:17.458 GMT-0700,0.6599600000000001,0.65988,1200000.0477,1200000.0477
28.10.2024 00:26:24.077 GMT-0700,0.65998,0.65988,1799999.9523,1200000.0477
28.10.2024 00:26:28.269 GMT-0700,0.65999,0.6599100000000001,1200000.0477,1200000.0477
28.10.2024 00:26:28.372 GMT-0700,0.66,0.6599200000000001,1200000.0477,1200000.0477
28.10.2024 00:26:28.474 GMT-0700,0.66002,0.6599100000000001,1200000.0477,1799999.9523
28.10.2024 00:26:41.507 GMT-0700,0.66003,0.6599200000000001,1200000.0477,3599999.9046
28.10.2024 00:26:41.610 GMT-0700,0.66007,0.6599700000000001,1200000.0477,1200000.0477
28.10.2024 00:26:41.764 GMT-0700,0.66007,0.65999,1200000.0477,1200000.0477
28.10.2024 00:26:42.272 GMT-0700,0.6600600000000001,0.65998,1200000.0477,1200000.0477
28.10.2024 00:27:26.597 GMT-0700,0.66009,0.6600100000000001,3599999.9046,1200000.0477
28.10.2024 00:27:26.701 GMT-0700,0.6601100000000001,0.66003,1200000.0477,1200000.0477
28.10.2024 00:27:28.723 GMT-0700,0.6601100000000001,0.66002,1200000.0477,1799999.9523
28.10.2024 00:27:29.837 GMT-0700,0.66012,0.66003,1200000.0477,1799999.9523
28.10.2024 00:27:30.093 GMT-0700,0.66012,0.66002,1200000.0477,1799999.9523
28.10.2024 00:27:44.276 GMT-0700,0.66012,0.66004,1200000.0477,1200000.0477
28.10.2024 00:27:45.540 GMT-0700,0.6601100000000001,0.66004,1200000.0477,1200000.0477
28.10.2024 00:27:50.702 GMT-0700,0.66012,0.66004,1200000.0477,1799999.9523
28.10.2024 00:27:53.986 GMT-0700,0.66012,0.66003,1200000.0477,1200000.0477
28.10.2024 00:27:55.808 GMT-0700,0.6601100000000001,0.66003,1200000.0477,1200000.0477
28.10.2024 00:27:57.727 GMT-0700,0.6601100000000001,0.66002,1200000.0477,1799999.9523
28.10.2024 00:28:01.212 GMT-0700,0.66012,0.66004,1799999.9523,1200000.0477
28.10.2024 00:28:01.425 GMT-0700,0.66012,0.66002,1200000.0477,1799999.9523
28.10.2024 00:28:06.216 GMT-0700,0.6601,0.66002,1200000.0477,1799999.9523
28.10.2024 00:28:07.733 GMT-0700,0.66008,0.6600100000000001,1200000.0477,1799999.9523
28.10.2024 00:28:07.837 GMT-0700,0.66007,0.65999,1799999.9523,1200000.0477
28.10.2024 00:28:07.939 GMT-0700,0.66007,0.65998,1799999.9523,1200000.0477
28.10.2024 00:28:24.372 GMT-0700,0.66007,0.6599600000000001,1200000.0477,3690000.0572
28.10.2024 00:28:29.006 GMT-0700,0.66008,0.66,1799999.9523,1799999.9523
28.10.2024 00:28:29.109 GMT-0700,0.66013,0.66004,1799999.9523,1200000.0477
28.10.2024 00:28:29.235 GMT-0700,0.66013,0.66002,1200000.0477,1200000.0477
28.10.2024 00:28:29.339 GMT-0700,0.66012,0.66002,1799999.9523,4590000.1526
28.10.2024 00:28:29.542 GMT-0700,0.66013,0.66003,4500000,1200000.0477
28.10.2024 00:28:29.747 GMT-0700,0.66012,0.66003,1799999.9523,1200000.0477
28.10.2024 00:28:36.619 GMT-0700,0.66014,0.66003,1799999.9523,1200000.0477
28.10.2024 00:28:36.722 GMT-0700,0.66015,0.6600600000000001,1200000.0477,3599999.9046
28.10.2024 00:28:36.825 GMT-0700,0.66017,0.6600600000000001,1200000.0477,1200000.0477
28.10.2024 00:28:36.929 GMT-0700,0.6601600000000001,0.6600600000000001,3599999.9046,2700000.0477
28.10.2024 00:28:38.554 GMT-0700,0.6601600000000001,0.66007,1200000.0477,2700000.0477
28.10.2024 00:28:39.061 GMT-0700,0.6601600000000001,0.6600600000000001,3599999.9046,1799999.9523
28.10.2024 00:28:39.366 GMT-0700,0.66017,0.66007,1799999.9523,3599999.9046
28.10.2024 00:28:42.252 GMT-0700,0.6601600000000001,0.6600600000000001,3599999.9046,1799999.9523
28.10.2024 00:28:42.354 GMT-0700,0.66015,0.6600600000000001,1200000.0477,1200000.0477
28.10.2024 00:28:48.411 GMT-0700,0.66017,0.66005,3599999.9046,1799999.9523
28.10.2024 00:28:58.098 GMT-0700,0.66015,0.6600600000000001,2700000.0477,1200000.0477
28.10.2024 00:28:58.251 GMT-0700,0.6601600000000001,0.66004,3599999.9046,1200000.0477
28.10.2024 00:29:00.670 GMT-0700,0.66015,0.6600600000000001,2700000.0477,1200000.0477
28.10.2024 00:29:00.774 GMT-0700,0.66017,0.66007,3599999.9046,1799999.9523
28.10.2024 00:29:17.859 GMT-0700,0.6601800000000001,0.66008,3599999.9046,1200000.0477
28.10.2024 00:29:18.923 GMT-0700,0.6601800000000001,0.66007,1200000.0477,1200000.0477
28.10.2024 00:29:30.257 GMT-0700,0.6601800000000001,0.66008,1799999.9523,3599999.9046
28.10.2024 00:29:31.319 GMT-0700,0.66017,0.66008,1200000.0477,1799999.9523
28.10.2024 00:29:34.752 GMT-0700,0.6601800000000001,0.66009,3599999.9046,1200000.0477
28.10.2024 00:29:34.906 GMT-0700,0.6601800000000001,0.6601,1200000.0477,1200000.0477
28.10.2024 00:29:35.262 GMT-0700,0.6601800000000001,0.66009,1200000.0477,1200000.0477
28.10.2024 00:29:35.922 GMT-0700,0.6601600000000001,0.66008,1200000.0477,2700000.0477
28.10.2024 00:29:41.055 GMT-0700,0.6601800000000001,0.66009,1200000.0477,1200000.0477
28.10.2024 00:29:41.311 GMT-0700,0.6602,0.66013,1200000.0477,1200000.0477
28.10.2024 00:29:41.363 GMT-0700,0.66022,0.66013,1200000.0477,2700000.0477
28.10.2024 00:29:44.448 GMT-0700,0.6602100000000001,0.66013,1200000.0477,1200000.0477
28.10.2024 00:29:53.936 GMT-0700,0.6601800000000001,0.66012,1200000.0477,1200000.0477
28.10.2024 00:29:53.993 GMT-0700,0.6601800000000001,0.66009,1200000.0477,1799999.9523
28.10.2024 00:29:54.097 GMT-0700,0.66017,0.66008,1200000.0477,1799999.9523
28.10.2024 00:29:54.201 GMT-0700,0.66017,0.66009,1200000.0477,1200000.0477
28.10.2024 00:29:56.827 GMT-0700,0.6601800000000001,0.66007,2700000.0477,1799999.9523
28.10.2024 00:30:02.340 GMT-0700,0.66017,0.66009,1200000.0477,1200000.0477
28.10.2024 00:30:02.796 GMT-0700,0.6601600000000001,0.66008,1200000.0477,1799999.9523
28.10.2024 00:30:03.207 GMT-0700,0.66017,0.66009,1200000.0477,1200000.0477
28.10.2024 00:30:05.134 GMT-0700,0.6601600000000001,0.66008,1200000.0477,1799999.9523
28.10.2024 00:30:07.971 GMT-0700,0.66015,0.6600600000000001,1200000.0477,1200000.0477
28.10.2024 00:30:11.307 GMT-0700,0.66017,0.6601,1799999.9523,1200000.0477
28.10.2024 00:30:11.359 GMT-0700,0.6601899999999999,0.6601100000000001,2700000.0477,1799999.9523
28.10.2024 00:30:11.563 GMT-0700,0.6602300000000001,0.66012,1799999.9523,1200000.0477
28.10.2024 00:30:11.678 GMT-0700,0.66022,0.66014,1200000.0477,1200000.0477
28.10.2024 00:30:13.661 GMT-0700,0.66025,0.6601600000000001,1799999.9523,1200000.0477
28.10.2024 00:30:13.764 GMT-0700,0.6602600000000001,0.6601600000000001,1200000.0477,1200000.0477
28.10.2024 00:30:13.866 GMT-0700,0.6602600000000001,0.66017,1200000.0477,1799999.9523
28.10.2024 00:30:14.426 GMT-0700,0.66025,0.66017,1200000.0477,1200000.0477
28.10.2024 00:30:15.995 GMT-0700,0.66025,0.66014,2700000.0477,1200000.0477
28.10.2024 00:30:16.098 GMT-0700,0.6602300000000001,0.66014,1200000.0477,1200000.0477
28.10.2024 00:30:16.708 GMT-0700,0.66024,0.66014,1200000.0477,3690000.0572
28.10.2024 00:30:16.810 GMT-0700,0.66024,0.66015,1200000.0477,1799999.9523
28.10.2024 00:30:16.862 GMT-0700,0.66024,0.66017,1200000.0477,1200000.0477
28.10.2024 00:30:22.660 GMT-0700,0.66024,0.66014,1200000.0477,1200000.0477
28.10.2024 00:30:22.763 GMT-0700,0.66022,0.66014,1200000.0477,1200000.0477
28.10.2024 00:30:23.577 GMT-0700,0.66022,0.66013,1200000.0477,1799999.9523
28.10.2024 00:30:23.831 GMT-0700,0.66022,0.66012,1200000.0477,1200000.0477
28.10.2024 00:30:24.088 GMT-0700,0.66022,0.66013,1200000.0477,1799999.9523
28.10.2024 00:30:28.894 GMT-0700,0.6602,0.66012,1200000.0477,1200000.0477
28.10.2024 00:30:28.946 GMT-0700,0.66022,0.66013,1200000.0477,1200000.0477
28.10.2024 00:30:29.251 GMT-0700,0.6602300000000001,0.66014,3599999.9046,1200000.0477
28.10.2024 00:30:38.166 GMT-0700,0.66022,0.66013,1200000.0477,1200000.0477
28.10.2024 00:30:41.796 GMT-0700,0.66022,0.66014,1200000.0477,1200000.0477
28.10.2024 00:30:41.949 GMT-0700,0.6602300000000001,0.66014,1799999.9523,1200000.0477
28.10.2024 00:30:42.052 GMT-0700,0.66024,0.66014,1799999.9523,1200000.0477
28.10.2024 00:30:42.611 GMT-0700,0.6602300000000001,0.66014,3599999.9046,1200000.0477
28.10.2024 00:30:46.549 GMT-0700,0.66022,0.66013,1200000.0477,1799999.9523
28.10.2024 00:31:00.502 GMT-0700,0.66022,0.66014,1799999.9523,1200000.0477
28.10.2024 00:31:00.656 GMT-0700,0.6602300000000001,0.66015,1799999.9523,1200000.0477
28.10.2024 00:31:02.084 GMT-0700,0.66022,0.66015,1200000.0477,1200000.0477
28.10.2024 00:31:05.476 GMT-0700,0.6602100000000001,0.66012,1200000.0477,3599999.9046
28.10.2024 00:31:05.580 GMT-0700,0.6602300000000001,0.66013,1799999.9523,1200000.0477
28.10.2024 00:31:21.477 GMT-0700,0.6602100000000001,0.66012,1200000.0477,3599999.9046
28.10.2024 00:31:21.528 GMT-0700,0.6602300000000001,0.66013,1200000.0477,1200000.0477
28.10.2024 00:31:25.373 GMT-0700,0.6602100000000001,0.66013,1200000.0477,2700000.0477
28.10.2024 00:31:25.507 GMT-0700,0.6602,0.66013,1200000.0477,1200000.0477
28.10.2024 00:31:26.417 GMT-0700,0.6602300000000001,0.66012,2700000.0477,1200000.0477
28.10.2024 00:31:26.520 GMT-0700,0.6602300000000001,0.66014,1799999.9523,1200000.0477
28.10.2024 00:31:47.770 GMT-0700,0.6602300000000001,0.66015,1799999.9523,1200000.0477
28.10.2024 00:31:47.823 GMT-0700,0.6602600000000001,0.66017,2700000.0477,1799999.9523
28.10.2024 00:31:47.932 GMT-0700,0.66027,0.6601800000000001,1799999.9523,1200000.0477
28.10.2024 00:31:48.035 GMT-0700,0.6602600000000001,0.6601800000000001,1200000.0477,1200000.0477
28.10.2024 00:31:48.292 GMT-0700,0.66027,0.6601800000000001,1799999.9523,1200000.0477
28.10.2024 00:31:48.797 GMT-0700,0.6602600000000001,0.6601800000000001,1200000.0477,1200000.0477
28.10.2024 00:31:48.899 GMT-0700,0.6602600000000001,0.66017,1799999.9523,1799999.9523
28.10.2024 00:31:49.510 GMT-0700,0.6602600000000001,0.6601600000000001,1200000.0477,1200000.0477
28.10.2024 00:31:49.612 GMT-0700,0.66024,0.6601600000000001,1200000.0477,1799999.9523
28.10.2024 00:31:52.088 GMT-0700,0.6602600000000001,0.66017,1799999.9523,1200000.0477
28.10.2024 00:32:01.724 GMT-0700,0.6602800000000001,0.6601800000000001,1200000.0477,1200000.0477
28.10.2024 00:32:04.244 GMT-0700,0.6602600000000001,0.6601800000000001,1200000.0477,1799999.9523
28.10.2024 00:32:09.390 GMT-0700,0.66025,0.66017,1200000.0477,1799999.9523
28.10.2024 00:32:09.645 GMT-0700,0.66025,0.66014,1200000.0477,3690000.0572
28.10.2024 00:32:09.748 GMT-0700,0.66024,0.6601600000000001,1200000.0477,1200000.0477
28.10.2024 00:32:14.150 GMT-0700,0.66025,0.6601600000000001,1200000.0477,1799999.9523
28.10.2024 00:32:21.623 GMT-0700,0.6602600000000001,0.6601800000000001,2700000.0477,1200000.0477
28.10.2024 00:32:22.885 GMT-0700,0.6602600000000001,0.66017,1200000.0477,1799999.9523
28.10.2024 00:32:26.870 GMT-0700,0.6602800000000001,0.6602,1799999.9523,1200000.0477
28.10.2024 00:32:28.391 GMT-0700,0.66027,0.6601800000000001,1799999.9523,1320000.0525
28.10.2024 00:32:30.965 GMT-0700,0.66027,0.66017,1799999.9523,4590000.1526
28.10.2024 00:32:31.474 GMT-0700,0.6602600000000001,0.66017,1200000.0477,1200000.0477
28.10.2024 00:32:31.576 GMT-0700,0.6602600000000001,0.6601800000000001,1200000.0477,1200000.0477
28.10.2024 00:32:33.094 GMT-0700,0.6602600000000001,0.66017,1200000.0477,1799999.9523
28.10.2024 00:32:33.297 GMT-0700,0.6602600000000001,0.6601800000000001,1200000.0477,1200000.0477
28.10.2024 00:32:33.499 GMT-0700,0.6602600000000001,0.66017,1200000.0477,1799999.9523
28.10.2024 00:32:33.701 GMT-0700,0.66027,0.66017,1200000.0477,1200000.0477
28.10.2024 00:32:33.904 GMT-0700,0.66027,0.6601600000000001,1200000.0477,1799999.9523
28.10.2024 00:32:34.157 GMT-0700,0.6602600000000001,0.6601800000000001,1200000.0477,1200000.0477
28.10.2024 00:32:34.712 GMT-0700,0.6602600000000001,0.66017,1200000.0477,1799999.9523
28.10.2024 00:32:34.965 GMT-0700,0.6602600000000001,0.6601800000000001,1200000.0477,1200000.0477
28.10.2024 00:32:35.166 GMT-0700,0.66027,0.6601600000000001,1200000.0477,1200000.0477
28.10.2024 00:32:36.071 GMT-0700,0.66027,0.66017,1200000.0477,1200000.0477
28.10.2024 00:32:36.576 GMT-0700,0.6602600000000001,0.6601600000000001,1200000.0477,2789999.9619
28.10.2024 00:32:38.040 GMT-0700,0.6602600000000001,0.66017,1200000.0477,1799999.9523
28.10.2024 00:32:38.193 GMT-0700,0.6602600000000001,0.6601600000000001,1200000.0477,3690000.0572
28.10.2024 00:32:38.698 GMT-0700,0.6602600000000001,0.66017,1200000.0477,1799999.9523
28.10.2024 00:32:38.799 GMT-0700,0.6602600000000001,0.6601600000000001,1200000.0477,3690000.0572
28.10.2024 00:32:40.666 GMT-0700,0.6602600000000001,0.66017,1200000.0477,1799999.9523
28.10.2024 00:32:40.768 GMT-0700,0.6602600000000001,0.6601600000000001,1200000.0477,3690000.0572
28.10.2024 00:32:40.920 GMT-0700,0.6602600000000001,0.66017,1200000.0477,1799999.9523
28.10.2024 00:32:41.174 GMT-0700,0.6602600000000001,0.6601600000000001,1200000.0477,3690000.0572
28.10.2024 00:32:42.441 GMT-0700,0.66025,0.6601600000000001,1200000.0477,1200000.0477
28.10.2024 00:32:42.546 GMT-0700,0.6602600000000001,0.66017,1799999.9523,1799999.9523
28.10.2024 00:32:42.648 GMT-0700,0.6602600000000001,0.6601600000000001,1799999.9523,2789999.9619
28.10.2024 00:32:44.821 GMT-0700,0.66024,0.6601600000000001,1200000.0477,1200000.0477
28.10.2024 00:32:44.975 GMT-0700,0.66025,0.6601600000000001,1200000.0477,1200000.0477
28.10.2024 00:32:49.159 GMT-0700,0.66025,0.66015,1799999.9523,1799999.9523
28.10.2024 00:32:49.413 GMT-0700,0.6602300000000001,0.66014,1200000.0477,1200000.0477
28.10.2024 00:32:49.516 GMT-0700,0.6602300000000001,0.66013,1799999.9523,1799999.9523
28.10.2024 00:32:55.050 GMT-0700,0.66022,0.66013,1200000.0477,1200000.0477
28.10.2024 00:32:55.760 GMT-0700,0.6602,0.6601100000000001,1200000.0477,1200000.0477
28.10.2024 00:32:55.863 GMT-0700,0.66017,0.66008,1200000.0477,1200000.0477
28.10.2024 00:32:55.966 GMT-0700,0.66017,0.66007,1799999.9523,3599999.9046
28.10.2024 00:32:57.887 GMT-0700,0.66017,0.66008,1799999.9523,2700000.0477
28.10.2024 00:32:57.989 GMT-0700,0.66017,0.6600600000000001,1200000.0477,3599999.9046
28.10.2024 00:33:02.794 GMT-0700,0.6601600000000001,0.66008,1200000.0477,1200000.0477
28.10.2024 00:33:11.083 GMT-0700,0.66013,0.6600600000000001,1200000.0477,2700000.0477
28.10.2024 00:33:11.187 GMT-0700,0.6601,0.6600100000000001,1200000.0477,1799999.9523
28.10.2024 00:33:11.289 GMT-0700,0.66009,0.66,1200000.0477,3599999.9046
28.10.2024 00:33:11.952 GMT-0700,0.66009,0.65999,3599999.9046,1799999.9523
28.10.2024 00:33:12.004 GMT-0700,0.66007,0.65999,1200000.0477,1200000.0477
28.10.2024 00:33:12.107 GMT-0700,0.66008,0.6599700000000001,1200000.0477,1200000.0477
28.10.2024 00:33:22.552 GMT-0700,0.6601,0.66,1799999.9523,1320000.0525
28.10.2024 00:33:22.655 GMT-0700,0.66012,0.66002,1200000.0477,1200000.0477
28.10.2024 00:33:24.071 GMT-0700,0.6601,0.66002,1200000.0477,1799999.9523
28.10.2024 00:33:40.483 GMT-0700,0.66009,0.6600100000000001,1200000.0477,1799999.9523
28.10.2024 00:33:41.042 GMT-0700,0.66007,0.66,1200000.0477,1200000.0477
28.10.2024 00:33:41.145 GMT-0700,0.66007,0.65999,1799999.9523,1200000.0477
28.10.2024 00:33:42.864 GMT-0700,0.6600600000000001,0.65998,1200000.0477,1200000.0477
28.10.2024 00:33:51.078 GMT-0700,0.66004,0.6599700000000001,1200000.0477,1200000.0477
28.10.2024 00:33:51.130 GMT-0700,0.6600600000000001,0.6599700000000001,3599999.9046,1200000.0477
28.10.2024 00:33:53.856 GMT-0700,0.66008,0.6599700000000001,1200000.0477,1200000.0477
28.10.2024 00:34:18.188 GMT-0700,0.66008,0.65999,3599999.9046,1200000.0477
28.10.2024 00:34:28.762 GMT-0700,0.66007,0.65998,1200000.0477,1799999.9523
28.10.2024 00:34:35.822 GMT-0700,0.66004,0.6599700000000001,1200000.0477,1200000.0477
28.10.2024 00:34:35.925 GMT-0700,0.66004,0.65995,1200000.0477,1799999.9523
28.10.2024 00:34:41.281 GMT-0700,0.66,0.65993,1200000.0477,1200000.0477
28.10.2024 00:34:41.388 GMT-0700,0.6600100000000001,0.65989,1799999.9523,3599999.9046
28.10.2024 00:34:43.112 GMT-0700,0.6600100000000001,0.6599200000000001,1799999.9523,1200000.0477
28.10.2024 00:34:45.687 GMT-0700,0.6600100000000001,0.65993,1200000.0477,1200000.0477
28.10.2024 00:34:55.519 GMT-0700,0.6600100000000001,0.6599200000000001,1200000.0477,1200000.0477
28.10.2024 00:34:56.480 GMT-0700,0.6600100000000001,0.65993,1200000.0477,1200000.0477
28.10.2024 00:34:57.993 GMT-0700,0.66003,0.6599200000000001,3599999.9046,1799999.9523
28.10.2024 00:34:58.398 GMT-0700,0.66003,0.65994,3599999.9046,1200000.0477
28.10.2024 00:34:58.501 GMT-0700,0.66003,0.65995,1200000.0477,1200000.0477
28.10.2024 00:34:58.603 GMT-0700,0.66004,0.6599600000000001,1200000.0477,1200000.0477
28.10.2024 00:35:00.068 GMT-0700,0.66004,0.65995,1200000.0477,2700000.0477
28.10.2024 00:35:08.503 GMT-0700,0.66005,0.6599600000000001,1200000.0477,1200000.0477
28.10.2024 00:35:08.606 GMT-0700,0.6600600000000001,0.6599600000000001,1200000.0477,3599999.9046
28.10.2024 00:35:10.321 GMT-0700,0.6600600000000001,0.6599700000000001,1200000.0477,1200000.0477
28.10.2024 00:35:10.830 GMT-0700,0.66007,0.65998,1799999.9523,1200000.0477
28.10.2024 00:35:14.297 GMT-0700,0.66009,0.66002,2700000.0477,1200000.0477
28.10.2024 00:35:14.400 GMT-0700,0.6601100000000001,0.66002,1200000.0477,1799999.9523
28.10.2024 00:35:16.167 GMT-0700,0.66012,0.66003,1200000.0477,1200000.0477
28.10.2024 00:35:18.295 GMT-0700,0.66013,0.66005,1200000.0477,1200000.0477
28.10.2024 00:35:21.318 GMT-0700,0.66013,0.66004,1799999.9523,1200000.0477
28.10.2024 00:35:24.588 GMT-0700,0.66015,0.6600600000000001,5400000.0954,1200000.0477
28.10.2024 00:35:24.691 GMT-0700,0.6601899999999999,0.66008,1799999.9523,1200000.0477
28.10.2024 00:35:27.139 GMT-0700,0.66017,0.66008,1200000.0477,1200000.0477
28.10.2024 00:35:30.377 GMT-0700,0.66017,0.6600600000000001,1200000.0477,1799999.9523
28.10.2024 00:35:56.289 GMT-0700,0.66017,0.66008,1799999.9523,1200000.0477
28.10.2024 00:36:01.989 GMT-0700,0.66017,0.66007,1200000.0477,1200000.0477
28.10.2024 00:36:04.659 GMT-0700,0.6601600000000001,0.6600600000000001,1799999.9523,1799999.9523
28.10.2024 00:36:28.308 GMT-0700,0.66012,0.66004,1200000.0477,1200000.0477
28.10.2024 00:36:28.411 GMT-0700,0.66012,0.66003,1200000.0477,2700000.0477
28.10.2024 00:36:31.143 GMT-0700,0.6601100000000001,0.6600100000000001,1200000.0477,2700000.0477
28.10.2024 00:36:31.245 GMT-0700,0.6601100000000001,0.66002,1200000.0477,3599999.9046
28.10.2024 00:36:33.474 GMT-0700,0.66013,0.66002,1200000.0477,2700000.0477
28.10.2024 00:36:33.782 GMT-0700,0.66014,0.6600600000000001,1200000.0477,1200000.0477
28.10.2024 00:36:33.889 GMT-0700,0.66017,0.6600600000000001,1799999.9523,1200000.0477
28.10.2024 00:36:36.421 GMT-0700,0.66015,0.6600600000000001,1200000.0477,1799999.9523
28.10.2024 00:36:36.523 GMT-0700,0.66014,0.66005,1200000.0477,1200000.0477
28.10.2024 00:36:38.946 GMT-0700,0.66015,0.6600600000000001,1799999.9523,1200000.0477
28.10.2024 00:36:45.017 GMT-0700,0.66014,0.66005,1200000.0477,1200000.0477
28.10.2024 00:36:45.122 GMT-0700,0.66015,0.6600600000000001,1799999.9523,1200000.0477
28.10.2024 00:36:46.687 GMT-0700,0.66013,0.66003,1200000.0477,3599999.9046
28.10.2024 00:36:46.841 GMT-0700,0.66012,0.66003,1200000.0477,1200000.0477
28.10.2024 00:36:48.462 GMT-0700,0.66013,0.66003,1799999.9523,1799999.9523
28.10.2024 00:36:49.224 GMT-0700,0.66013,0.66002,1200000.0477,1200000.0477
28.10.2024 00:36:50.490 GMT-0700,0.66012,0.66002,1799999.9523,1799999.9523
28.10.2024 00:36:53.217 GMT-0700,0.66012,0.66003,1200000.0477,2700000.0477
28.10.2024 00:36:58.266 GMT-0700,0.6601100000000001,0.66002,1200000.0477,3599999.9046
28.10.2024 00:36:59.077 GMT-0700,0.6601100000000001,0.66003,1200000.0477,1200000.0477
28.10.2024 00:37:00.189 GMT-0700,0.66013,0.66004,1799999.9523,1200000.0477
28.10.2024 00:37:00.697 GMT-0700,0.66013,0.66005,1200000.0477,1200000.0477
28.10.2024 00:37:00.800 GMT-0700,0.66015,0.66004,1200000.0477,1799999.9523
28.10.2024 00:37:05.392 GMT-0700,0.66015,0.6600600000000001,1799999.9523,1200000.0477
28.10.2024 00:37:05.546 GMT-0700,0.6601600000000001,0.66007,1799999.9523,2700000.0477
28.10.2024 00:37:05.648 GMT-0700,0.6601800000000001,0.66007,2700000.0477,1200000.0477
28.10.2024 00:37:10.964 GMT-0700,0.6601600000000001,0.66007,1200000.0477,1799999.9523
28.10.2024 00:37:16.064 GMT-0700,0.6601800000000001,0.66007,1200000.0477,3599999.9046
28.10.2024 00:37:16.166 GMT-0700,0.6601899999999999,0.66008,1200000.0477,1200000.0477
28.10.2024 00:37:17.130 GMT-0700,0.6601800000000001,0.66007,1799999.9523,1799999.9523
28.10.2024 00:37:17.739 GMT-0700,0.6601600000000001,0.66008,1200000.0477,1799999.9523
28.10.2024 00:37:18.193 GMT-0700,0.66017,0.66008,1799999.9523,1799999.9523
28.10.2024 00:37:18.295 GMT-0700,0.6601800000000001,0.66009,1200000.0477,1200000.0477
28.10.2024 00:37:18.347 GMT-0700,0.6601899999999999,0.6601,1200000.0477,1200000.0477
28.10.2024 00:37:18.450 GMT-0700,0.6601800000000001,0.66009,1200000.0477,1799999.9523
28.10.2024 00:37:18.705 GMT-0700,0.6601899999999999,0.6601100000000001,1200000.0477,1200000.0477
28.10.2024 00:37:18.807 GMT-0700,0.6602,0.6601100000000001,1799999.9523,1200000.0477
28.10.2024 00:37:20.168 GMT-0700,0.6601899999999999,0.6601100000000001,1200000.0477,1200000.0477
28.10.2024 00:37:20.422 GMT-0700,0.6602100000000001,0.6601,2700000.0477,1200000.0477
28.10.2024 00:37:21.181 GMT-0700,0.6601899999999999,0.6601100000000001,1799999.9523,1200000.0477
28.10.2024 00:37:22.948 GMT-0700,0.6601899999999999,0.66009,1799999.9523,3599999.9046
28.10.2024 00:37:23.052 GMT-0700,0.6601899999999999,0.6601,1200000.0477,1799999.9523
28.10.2024 00:37:23.155 GMT-0700,0.6602,0.6601100000000001,1799999.9523,1799999.9523
28.10.2024 00:37:23.261 GMT-0700,0.6602,0.6601,1799999.9523,3690000.0572
28.10.2024 00:37:24.627 GMT-0700,0.6602,0.6601100000000001,2700000.0477,1799999.9523
28.10.2024 00:37:24.729 GMT-0700,0.6602100000000001,0.66009,2700000.0477,3690000.0572
28.10.2024 00:37:27.120 GMT-0700,0.6601899999999999,0.6601,1200000.0477,3599999.9046
28.10.2024 00:37:27.830 GMT-0700,0.6601899999999999,0.66009,2700000.0477,3599999.9046
28.10.2024 00:37:27.933 GMT-0700,0.6601899999999999,0.66008,1200000.0477,1200000.0477
28.10.2024 00:37:30.455 GMT-0700,0.66017,0.66008,1799999.9523,1200000.0477
28.10.2024 00:37:30.557 GMT-0700,0.66015,0.66007,1200000.0477,1799999.9523
28.10.2024 00:37:31.515 GMT-0700,0.6601600000000001,0.66007,1200000.0477,1799999.9523
28.10.2024 00:37:33.140 GMT-0700,0.66017,0.66008,1799999.9523,2700000.0477
28.10.2024 00:37:35.512 GMT-0700,0.66017,0.6600600000000001,1200000.0477,1200000.0477
28.10.2024 00:37:45.712 GMT-0700,0.66017,0.66008,1799999.9523,1200000.0477
28.10.2024 00:37:46.624 GMT-0700,0.66017,0.66009,1200000.0477,1799999.9523
28.10.2024 00:37:49.494 GMT-0700,0.6601800000000001,0.66007,1799999.9523,1200000.0477
28.10.2024 00:37:49.597 GMT-0700,0.6601600000000001,0.66007,1200000.0477,1799999.9523
28.10.2024 00:37:50.730 GMT-0700,0.66017,0.66008,1799999.9523,1200000.0477
28.10.2024 00:37:50.840 GMT-0700,0.66017,0.66005,1200000.0477,3690000.0572
28.10.2024 00:37:51.306 GMT-0700,0.6601600000000001,0.66007,1200000.0477,1799999.9523
28.10.2024 00:37:51.408 GMT-0700,0.66017,0.66007,2700000.0477,1799999.9523
28.10.2024 00:37:51.969 GMT-0700,0.66017,0.66009,1200000.0477,1200000.0477
28.10.2024 00:37:53.482 GMT-0700,0.6601800000000001,0.66009,1200000.0477,1799999.9523
28.10.2024 00:37:53.586 GMT-0700,0.6602,0.66009,1799999.9523,1200000.0477
28.10.2024 00:37:59.649 GMT-0700,0.6601800000000001,0.66009,1200000.0477,1200000.0477
28.10.2024 00:37:59.801 GMT-0700,0.6601800000000001,0.66008,1799999.9523,3599999.9046
28.10.2024 00:38:00.157 GMT-0700,0.66017,0.66009,1799999.9523,1200000.0477
28.10.2024 00:38:00.208 GMT-0700,0.66017,0.66007,1799999.9523,3599999.9046
28.10.2024 00:38:01.883 GMT-0700,0.6601600000000001,0.66007,1200000.0477,1200000.0477
28.10.2024 00:38:05.063 GMT-0700,0.6601800000000001,0.6601,1799999.9523,1200000.0477
28.10.2024 00:38:05.166 GMT-0700,0.6601899999999999,0.6601,1799999.9523,2700000.0477
28.10.2024 00:38:08.912 GMT-0700,0.6602,0.6601100000000001,1799999.9523,1200000.0477
28.10.2024 00:38:10.506 GMT-0700,0.6602100000000001,0.66012,1799999.9523,1200000.0477
28.10.2024 00:38:11.012 GMT-0700,0.66022,0.66013,1200000.0477,1200000.0477
28.10.2024 00:38:11.115 GMT-0700,0.6602100000000001,0.66013,1200000.0477,1200000.0477
28.10.2024 00:38:13.293 GMT-0700,0.6602100000000001,0.66012,1200000.0477,1799999.9523
28.10.2024 00:38:14.253 GMT-0700,0.6602,0.66012,1200000.0477,1200000.0477
28.10.2024 00:38:14.305 GMT-0700,0.6602300000000001,0.6601100000000001,1799999.9523,3599999.9046
28.10.2024 00:38:16.446 GMT-0700,0.6602100000000001,0.6601100000000001,1200000.0477,1200000.0477
28.10.2024 00:38:22.270 GMT-0700,0.6602300000000001,0.6601100000000001,1799999.9523,3599999.9046
28.10.2024 00:38:23.385 GMT-0700,0.6602300000000001,0.66013,1799999.9523,2700000.0477
28.10.2024 00:38:23.944 GMT-0700,0.6602100000000001,0.66012,1200000.0477,1799999.9523
28.10.2024 00:38:24.561 GMT-0700,0.6602,0.66012,1200000.0477,1200000.0477
28.10.2024 00:38:38.170 GMT-0700,0.6602100000000001,0.66012,1200000.0477,3599999.9046
28.10.2024 00:38:38.426 GMT-0700,0.6602,0.66012,1200000.0477,1200000.0477
28.10.2024 00:38:38.681 GMT-0700,0.66022,0.6601100000000001,1200000.0477,3599999.9046
28.10.2024 00:38:41.053 GMT-0700,0.6602100000000001,0.6601100000000001,1200000.0477,1200000.0477
28.10.2024 00:38:47.623 GMT-0700,0.6602100000000001,0.6601,1200000.0477,3599999.9046
28.10.2024 00:38:53.067 GMT-0700,0.6602100000000001,0.66012,1799999.9523,1200000.0477
28.10.2024 00:38:53.170 GMT-0700,0.6602100000000001,0.66013,1200000.0477,2700000.0477
28.10.2024 00:38:53.272 GMT-0700,0.66022,0.66013,1200000.0477,2700000.0477
28.10.2024 00:38:53.629 GMT-0700,0.6602100000000001,0.66012,1200000.0477,3599999.9046
28.10.2024 00:38:56.404 GMT-0700,0.6602100000000001,0.6601,1200000.0477,1799999.9523
28.10.2024 00:39:07.796 GMT-0700,0.6602100000000001,0.66012,1200000.0477,2700000.0477
28.10.2024 00:39:07.950 GMT-0700,0.66022,0.66013,1799999.9523,2700000.0477
28.10.2024 00:39:11.100 GMT-0700,0.66022,0.6601100000000001,1200000.0477,3599999.9046
28.10.2024 00:39:11.863 GMT-0700,0.6602300000000001,0.66013,5400000.0954,1200000.0477
28.10.2024 00:39:12.221 GMT-0700,0.66022,0.6601100000000001,1200000.0477,3599999.9046
28.10.2024 00:39:21.278 GMT-0700,0.66022,0.66013,1200000.0477,1200000.0477
28.10.2024 00:39:38.362 GMT-0700,0.6602,0.6601100000000001,1200000.0477,1200000.0477
28.10.2024 00:39:38.470 GMT-0700,0.6601899999999999,0.6601100000000001,1200000.0477,1200000.0477
28.10.2024 00:39:40.391 GMT-0700,0.6602100000000001,0.6601100000000001,3599999.9046,1799999.9523
28.10.2024 00:39:40.442 GMT-0700,0.66022,0.66013,1799999.9523,1200000.0477
28.10.2024 00:39:50.177 GMT-0700,0.6602100000000001,0.66012,1200000.0477,1200000.0477
28.10.2024 00:39:52.905 GMT-0700,0.6602300000000001,0.66012,1200000.0477,1799999.9523
28.10.2024 00:39:57.344 GMT-0700,0.6602100000000001,0.66013,1200000.0477,1200000.0477
28.10.2024 00:40:00.056 GMT-0700,0.6602100000000001,0.66012,1200000.0477,1799999.9523
28.10.2024 00:40:05.101 GMT-0700,0.66022,0.66013,1200000.0477,1200000.0477
28.10.2024 00:40:07.073 GMT-0700,0.6602100000000001,0.66012,1200000.0477,1799999.9523
28.10.2024 00:40:12.830 GMT-0700,0.6602300000000001,0.66013,3599999.9046,1799999.9523
28.10.2024 00:40:13.338 GMT-0700,0.6602300000000001,0.66015,1200000.0477,1200000.0477
28.10.2024 00:40:13.441 GMT-0700,0.66025,0.6601800000000001,1200000.0477,1200000.0477
28.10.2024 00:40:13.494 GMT-0700,0.66027,0.6601800000000001,1200000.0477,1799999.9523
28.10.2024 00:40:13.648 GMT-0700,0.6602600000000001,0.6601800000000001,1200000.0477,1200000.0477
28.10.2024 00:40:15.567 GMT-0700,0.66029,0.6602,3599999.9046,1889999.9857
28.10.2024 00:40:15.672 GMT-0700,0.6603,0.66022,1200000.0477,1200000.0477
28.10.2024 00:40:21.478 GMT-0700,0.6603,0.6602,2700000.0477,1799999.9523
28.10.2024 00:40:22.862 GMT-0700,0.66029,0.6602,1799999.9523,1799999.9523
28.10.2024 00:40:24.074 GMT-0700,0.6603,0.6602,2700000.0477,1799999.9523
28.10.2024 00:40:24.427 GMT-0700,0.66029,0.6602,1799999.9523,1799999.9523
28.10.2024 00:40:25.488 GMT-0700,0.6602600000000001,0.6601899999999999,1200000.0477,1200000.0477
28.10.2024 00:40:26.348 GMT-0700,0.6602600000000001,0.6601800000000001,1200000.0477,1200000.0477
28.10.2024 00:40:27.867 GMT-0700,0.66025,0.6601600000000001,1200000.0477,1799999.9523
28.10.2024 00:40:27.969 GMT-0700,0.66024,0.66015,1200000.0477,1799999.9523
28.10.2024 00:40:31.149 GMT-0700,0.66022,0.66014,1799999.9523,1200000.0477
28.10.2024 00:40:31.657 GMT-0700,0.66022,0.6601100000000001,1200000.0477,3599999.9046
28.10.2024 00:40:31.759 GMT-0700,0.6602,0.66012,1200000.0477,1200000.0477
28.10.2024 00:40:35.292 GMT-0700,0.6602,0.6601100000000001,1200000.0477,3599999.9046
28.10.2024 00:40:36.001 GMT-0700,0.6601899999999999,0.6601100000000001,1200000.0477,1200000.0477
28.10.2024 00:40:37.819 GMT-0700,0.6602100000000001,0.6601,1799999.9523,1799999.9523
28.10.2024 00:40:37.921 GMT-0700,0.66022,0.6601,4500000,1799999.9523
28.10.2024 00:40:38.023 GMT-0700,0.6601899999999999,0.6601100000000001,1200000.0477,1200000.0477
28.10.2024 00:40:38.379 GMT-0700,0.6602,0.6601100000000001,1200000.0477,3599999.9046
28.10.2024 00:40:41.857 GMT-0700,0.6602,0.66012,1200000.0477,1200000.0477
28.10.2024 00:40:46.131 GMT-0700,0.66017,0.6601100000000001,1200000.0477,1200000.0477
28.10.2024 00:40:46.235 GMT-0700,0.66017,0.66008,1799999.9523,1200000.0477
28.10.2024 00:40:47.052 GMT-0700,0.6601600000000001,0.6600600000000001,1200000.0477,1200000.0477
28.10.2024 00:40:47.155 GMT-0700,0.66015,0.66004,1200000.0477,1200000.0477
28.10.2024 00:40:47.763 GMT-0700,0.66015,0.66005,1799999.9523,3599999.9046
28.10.2024 00:40:48.119 GMT-0700,0.6601600000000001,0.66005,1200000.0477,1799999.9523
28.10.2024 00:40:48.323 GMT-0700,0.66015,0.66004,1200000.0477,1200000.0477
28.10.2024 00:40:48.374 GMT-0700,0.66014,0.66007,1200000.0477,1200000.0477
28.10.2024 00:40:48.426 GMT-0700,0.66013,0.66004,1200000.0477,1200000.0477
28.10.2024 00:40:48.681 GMT-0700,0.66015,0.66004,1799999.9523,2700000.0477
28.10.2024 00:40:50.402 GMT-0700,0.66013,0.66004,1200000.0477,1799999.9523
28.10.2024 00:40:50.505 GMT-0700,0.66012,0.66003,1799999.9523,1200000.0477
28.10.2024 00:40:53.889 GMT-0700,0.66014,0.66003,1799999.9523,1200000.0477
28.10.2024 00:40:53.991 GMT-0700,0.66014,0.66005,1799999.9523,1200000.0477
28.10.2024 00:40:57.876 GMT-0700,0.66014,0.66004,1200000.0477,1200000.0477
28.10.2024 00:41:00.294 GMT-0700,0.66015,0.66007,1200000.0477,1200000.0477
28.10.2024 00:41:01.456 GMT-0700,0.66014,0.6600600000000001,1200000.0477,1200000.0477
28.10.2024 00:41:07.600 GMT-0700,0.66014,0.66004,1200000.0477,1799999.9523
28.10.2024 00:41:07.753 GMT-0700,0.66013,0.66003,1200000.0477,1799999.9523
28.10.2024 00:41:07.855 GMT-0700,0.66012,0.66002,1200000.0477,1799999.9523
28.10.2024 00:41:17.195 GMT-0700,0.66007,0.66,1200000.0477,1200000.0477
28.10.2024 00:41:17.298 GMT-0700,0.66007,0.65999,1799999.9523,1200000.0477
28.10.2024 00:41:17.414 GMT-0700,0.6600600000000001,0.65998,1200000.0477,1200000.0477
28.10.2024 00:41:31.577 GMT-0700,0.66007,0.65999,1799999.9523,1200000.0477
28.10.2024 00:41:39.450 GMT-0700,0.6601,0.66,1799999.9523,1200000.0477
28.10.2024 00:41:42.942 GMT-0700,0.66012,0.66002,1200000.0477,1200000.0477
28.10.2024 00:41:54.452 GMT-0700,0.6601,0.66002,1200000.0477,1200000.0477
28.10.2024 00:41:58.542 GMT-0700,0.6601100000000001,0.66003,1200000.0477,1200000.0477
28.10.2024 00:42:00.565 GMT-0700,0.66012,0.66004,1200000.0477,1200000.0477
28.10.2024 00:42:00.668 GMT-0700,0.66013,0.66005,1799999.9523,1200000.0477
28.10.2024 00:42:04.078 GMT-0700,0.66012,0.66004,1200000.0477,1799999.9523
28.10.2024 00:42:04.181 GMT-0700,0.66013,0.66005,1200000.0477,1200000.0477
28.10.2024 00:42:25.078 GMT-0700,0.6601100000000001,0.66003,1200000.0477,1799999.9523
28.10.2024 00:42:25.386 GMT-0700,0.66013,0.66003,1200000.0477,1200000.0477
28.10.2024 00:42:27.795 GMT-0700,0.66012,0.66002,1200000.0477,1799999.9523
28.10.2024 00:42:28.209 GMT-0700,0.6601,0.66003,1200000.0477,1200000.0477
28.10.2024 00:42:29.827 GMT-0700,0.6601,0.66002,1200000.0477,1799999.9523
28.10.2024 00:42:59.661 GMT-0700,0.66012,0.66004,1200000.0477,1200000.0477
28.10.2024 00:43:00.067 GMT-0700,0.6601100000000001,0.66003,1200000.0477,3599999.9046
28.10.2024 00:43:00.170 GMT-0700,0.66013,0.66005,1200000.0477,1200000.0477
28.10.2024 00:43:00.273 GMT-0700,0.66014,0.6600600000000001,1200000.0477,1200000.0477
28.10.2024 00:43:01.084 GMT-0700,0.66014,0.66007,1200000.0477,1200000.0477
28.10.2024 00:43:05.671 GMT-0700,0.66015,0.66007,1200000.0477,1799999.9523
28.10.2024 00:43:11.875 GMT-0700,0.66013,0.66005,1200000.0477,1200000.0477
28.10.2024 00:43:11.927 GMT-0700,0.66009,0.66002,1200000.0477,1200000.0477
28.10.2024 00:43:12.333 GMT-0700,0.66008,0.6600100000000001,1200000.0477,1200000.0477
28.10.2024 00:43:12.537 GMT-0700,0.66008,0.66,1799999.9523,1200000.0477
28.10.2024 00:43:15.356 GMT-0700,0.66007,0.65999,1200000.0477,1200000.0477
28.10.2024 00:43:29.915 GMT-0700,0.66004,0.6599600000000001,1200000.0477,3599999.9046
28.10.2024 00:43:31.739 GMT-0700,0.6600600000000001,0.65998,2700000.0477,1200000.0477
28.10.2024 00:43:37.803 GMT-0700,0.66007,0.65999,1799999.9523,1200000.0477
28.10.2024 00:43:37.906 GMT-0700,0.6600600000000001,0.65998,1200000.0477,1200000.0477
28.10.2024 00:43:41.346 GMT-0700,0.66005,0.6599700000000001,1200000.0477,1200000.0477
28.10.2024 00:43:49.948 GMT-0700,0.66007,0.65998,1200000.0477,1200000.0477
28.10.2024 00:43:57.250 GMT-0700,0.6600600000000001,0.65998,1799999.9523,1200000.0477
28.10.2024 00:43:57.962 GMT-0700,0.66004,0.6599600000000001,1200000.0477,1200000.0477
28.10.2024 00:44:01.293 GMT-0700,0.66003,0.65995,1200000.0477,1799999.9523
28.10.2024 00:44:03.560 GMT-0700,0.66003,0.6599600000000001,1200000.0477,1799999.9523
28.10.2024 00:44:04.719 GMT-0700,0.66003,0.65995,1200000.0477,3599999.9046
28.10.2024 00:44:07.186 GMT-0700,0.66004,0.6599600000000001,1200000.0477,1200000.0477
28.10.2024 00:44:10.664 GMT-0700,0.66005,0.6599700000000001,1200000.0477,1200000.0477
28.10.2024 00:44:17.878 GMT-0700,0.66007,0.65999,2700000.0477,1200000.0477
28.10.2024 00:44:17.982 GMT-0700,0.66009,0.6600100000000001,1200000.0477,1200000.0477
28.10.2024 00:44:20.513 GMT-0700,0.6601,0.66003,1200000.0477,1200000.0477
28.10.2024 00:44:21.576 GMT-0700,0.6601,0.66002,1799999.9523,1200000.0477
28.10.2024 00:44:26.420 GMT-0700,0.66008,0.65998,1200000.0477,3599999.9046
28.10.2024 00:44:26.524 GMT-0700,0.66005,0.6599700000000001,1200000.0477,1200000.0477
28.10.2024 00:44:35.597 GMT-0700,0.66003,0.65993,1200000.0477,1200000.0477
28.10.2024 00:44:35.718 GMT-0700,0.6600100000000001,0.65993,1799999.9523,2700000.0477
28.10.2024 00:44:36.841 GMT-0700,0.66,0.6599200000000001,1200000.0477,2700000.0477
28.10.2024 00:44:36.943 GMT-0700,0.65999,0.6599100000000001,1200000.0477,1200000.0477
28.10.2024 00:44:54.676 GMT-0700,0.66002,0.65993,1200000.0477,1320000.0525
28.10.2024 00:44:54.779 GMT-0700,0.66004,0.6599600000000001,1799999.9523,1200000.0477
28.10.2024 00:44:55.439 GMT-0700,0.66,0.6599200000000001,1200000.0477,6750000
28.10.2024 00:45:01.730 GMT-0700,0.65999,0.6599100000000001,1200000.0477,1200000.0477
28.10.2024 00:45:13.427 GMT-0700,0.65998,0.65988,1200000.0477,4500000
28.10.2024 00:45:13.529 GMT-0700,0.65998,0.6599,1799999.9523,1200000.0477
28.10.2024 00:45:18.629 GMT-0700,0.6599600000000001,0.65989,1200000.0477,1799999.9523
28.10.2024 00:45:18.732 GMT-0700,0.6599700000000001,0.6598700000000001,1799999.9523,1200000.0477
28.10.2024 00:45:20.154 GMT-0700,0.65998,0.6599,1200000.0477,1200000.0477
28.10.2024 00:45:20.257 GMT-0700,0.66,0.6599200000000001,1799999.9523,1200000.0477
28.10.2024 00:45:20.663 GMT-0700,0.65999,0.6599100000000001,1200000.0477,1200000.0477
28.10.2024 00:45:43.311 GMT-0700,0.66002,0.65994,3599999.9046,1200000.0477
28.10.2024 00:45:43.414 GMT-0700,0.66004,0.6599600000000001,1799999.9523,1200000.0477
28.10.2024 00:45:47.497 GMT-0700,0.66004,0.65994,1200000.0477,1200000.0477
28.10.2024 00:45:47.600 GMT-0700,0.66002,0.65994,1200000.0477,1200000.0477
28.10.2024 00:45:55.483 GMT-0700,0.66003,0.65995,1799999.9523,1200000.0477
28.10.2024 00:45:55.790 GMT-0700,0.66004,0.6599600000000001,1200000.0477,1200000.0477
28.10.2024 00:46:07.976 GMT-0700,0.66003,0.65995,1200000.0477,1200000.0477
28.10.2024 00:46:08.078 GMT-0700,0.66002,0.65994,1200000.0477,1200000.0477
28.10.2024 00:46:09.951 GMT-0700,0.6600100000000001,0.65993,1200000.0477,1200000.0477
28.10.2024 00:46:11.120 GMT-0700,0.66003,0.65993,1799999.9523,1200000.0477
28.10.2024 00:46:15.458 GMT-0700,0.6600100000000001,0.65993,1200000.0477,1200000.0477
28.10.2024 00:46:18.765 GMT-0700,0.66,0.6599200000000001,1200000.0477,1799999.9523
28.10.2024 00:46:23.567 GMT-0700,0.66002,0.6599200000000001,1200000.0477,1200000.0477
28.10.2024 00:46:24.225 GMT-0700,0.66,0.6599200000000001,1200000.0477,1799999.9523
28.10.2024 00:46:39.409 GMT-0700,0.65998,0.65989,1799999.9523,1200000.0477
28.10.2024 00:46:39.511 GMT-0700,0.6599700000000001,0.65989,1799999.9523,1200000.0477
28.10.2024 00:46:48.510 GMT-0700,0.6599600000000001,0.65988,1200000.0477,1200000.0477
28.10.2024 00:46:50.637 GMT-0700,0.65998,0.65988,1799999.9523,1200000.0477
28.10.2024 00:47:00.156 GMT-0700,0.65995,0.6598700000000001,1200000.0477,1799999.9523
28.10.2024 00:47:00.258 GMT-0700,0.65993,0.65985,1200000.0477,2700000.0477
28.10.2024 00:47:00.616 GMT-0700,0.65994,0.6598600000000001,1799999.9523,1200000.0477
28.10.2024 00:47:00.719 GMT-0700,0.6599600000000001,0.6598600000000001,1799999.9523,1200000.0477
28.10.2024 00:47:01.783 GMT-0700,0.65993,0.65985,1799999.9523,1200000.0477
28.10.2024 00:47:01.937 GMT-0700,0.6599200000000001,0.65985,1200000.0477,1200000.0477
28.10.2024 00:47:07.526 GMT-0700,0.6599200000000001,0.65984,1799999.9523,1200000.0477
28.10.2024 00:47:19.235 GMT-0700,0.6599100000000001,0.65983,1799999.9523,1200000.0477
28.10.2024 00:47:26.285 GMT-0700,0.65989,0.6598100000000001,1200000.0477,2700000.0477
