Local time,Ask,Bid,AskVolume,BidVolume
28.10.2024 00:00:00.047 GMT-0700,0.59687,0.59677,1799999.9523,1200000.0477
28.10.2024 00:00:00.151 GMT-0700,0.59689,0.59682,1200000.0477,1200000.0477
28.10.2024 00:00:00.308 GMT-0700,0.5969,0.59682,1799999.9523,1200000.0477
28.10.2024 00:00:01.830 GMT-0700,0.59691,0.59682,1200000.0477,1200000.0477
28.10.2024 00:00:03.048 GMT-0700,0.5969,0.59682,1799999.9523,1200000.0477
28.10.2024 00:00:03.151 GMT-0700,0.59689,0.59679,1200000.0477,4500000
28.10.2024 00:00:03.253 GMT-0700,0.5968800000000001,0.59679,1200000.0477,1200000.0477
28.10.2024 00:00:03.660 GMT-0700,0.59689,0.59679,1200000.0477,1799999.9523
28.10.2024 00:00:04.620 GMT-0700,0.5968800000000001,0.59679,1200000.0477,1200000.0477
28.10.2024 00:00:04.824 GMT-0700,0.5968800000000001,0.5968,1200000.0477,1799999.9523
28.10.2024 00:00:05.936 GMT-0700,0.5968600000000001,0.59679,1200000.0477,1200000.0477
28.10.2024 00:00:06.140 GMT-0700,0.5968800000000001,0.5967800000000001,1200000.0477,1799999.9523
28.10.2024 00:00:07.050 GMT-0700,0.59689,0.59679,1799999.9523,1200000.0477
28.10.2024 00:00:09.967 GMT-0700,0.5968800000000001,0.5967800000000001,1200000.0477,1799999.9523
28.10.2024 00:00:11.277 GMT-0700,0.5969,0.5968,2700000.0477,1200000.0477
28.10.2024 00:00:11.634 GMT-0700,0.5969,0.5968100000000001,1200000.0477,1200000.0477
28.10.2024 00:00:12.394 GMT-0700,0.59689,0.5968100000000001,1799999.9523,1200000.0477
28.10.2024 00:00:12.496 GMT-0700,0.5968800000000001,0.59679,1200000.0477,1200000.0477
28.10.2024 00:00:12.598 GMT-0700,0.5968600000000001,0.5968,1200000.0477,1200000.0477
28.10.2024 00:00:12.717 GMT-0700,0.59687,0.5967800000000001,1200000.0477,1200000.0477
28.10.2024 00:00:12.823 GMT-0700,0.5968800000000001,0.5967800000000001,1200000.0477,1799999.9523
28.10.2024 00:00:12.928 GMT-0700,0.59687,0.5967800000000001,1200000.0477,1200000.0477
28.10.2024 00:00:13.034 GMT-0700,0.59687,0.5967600000000001,1799999.9523,1799999.9523
28.10.2024 00:00:15.359 GMT-0700,0.5968800000000001,0.5967800000000001,1200000.0477,1799999.9523
28.10.2024 00:00:15.663 GMT-0700,0.59687,0.59677,1200000.0477,1200000.0477
28.10.2024 00:00:16.526 GMT-0700,0.5968800000000001,0.5967800000000001,1799999.9523,1200000.0477
28.10.2024 00:00:18.853 GMT-0700,0.59689,0.59679,1799999.9523,1200000.0477
28.10.2024 00:00:21.483 GMT-0700,0.5968800000000001,0.5967800000000001,1200000.0477,1200000.0477
28.10.2024 00:00:22.397 GMT-0700,0.5968800000000001,0.59677,1799999.9523,1799999.9523
28.10.2024 00:00:22.651 GMT-0700,0.5968600000000001,0.5967600000000001,1200000.0477,1799999.9523
28.10.2024 00:00:22.753 GMT-0700,0.59687,0.59677,1799999.9523,1200000.0477
28.10.2024 00:00:23.360 GMT-0700,0.5968600000000001,0.5967600000000001,1200000.0477,1799999.9523
28.10.2024 00:00:23.866 GMT-0700,0.5968600000000001,0.5967800000000001,1200000.0477,1799999.9523
28.10.2024 00:00:25.686 GMT-0700,0.59684,0.59677,1200000.0477,1200000.0477
28.10.2024 00:00:25.789 GMT-0700,0.59684,0.5967399999999999,1200000.0477,1200000.0477
28.10.2024 00:00:25.891 GMT-0700,0.59685,0.59675,1799999.9523,1200000.0477
28.10.2024 00:00:26.859 GMT-0700,0.59684,0.5967399999999999,1200000.0477,1200000.0477
28.10.2024 00:00:30.303 GMT-0700,0.59684,0.5967600000000001,1799999.9523,1200000.0477
28.10.2024 00:00:30.766 GMT-0700,0.59685,0.5967600000000001,1200000.0477,1200000.0477
28.10.2024 00:00:31.071 GMT-0700,0.59685,0.5967800000000001,1200000.0477,1200000.0477
28.10.2024 00:00:31.173 GMT-0700,0.59687,0.59677,1200000.0477,1200000.0477
28.10.2024 00:00:33.350 GMT-0700,0.5968800000000001,0.59677,1799999.9523,1799999.9523
28.10.2024 00:00:38.043 GMT-0700,0.5968800000000001,0.59679,1200000.0477,1200000.0477
28.10.2024 00:00:38.145 GMT-0700,0.59689,0.59679,1799999.9523,1200000.0477
28.10.2024 00:00:38.247 GMT-0700,0.59689,0.5968,1200000.0477,1200000.0477
28.10.2024 00:00:38.349 GMT-0700,0.5969,0.5968,1799999.9523,1200000.0477
28.10.2024 00:00:38.503 GMT-0700,0.5969,0.5968100000000001,1200000.0477,1200000.0477
28.10.2024 00:00:38.858 GMT-0700,0.59691,0.5968100000000001,1799999.9523,1200000.0477
28.10.2024 00:00:40.374 GMT-0700,0.59691,0.59682,1200000.0477,1200000.0477
28.10.2024 00:00:41.291 GMT-0700,0.59692,0.5968300000000001,1200000.0477,1200000.0477
28.10.2024 00:00:41.393 GMT-0700,0.59692,0.59682,1200000.0477,1799999.9523
28.10.2024 00:00:49.222 GMT-0700,0.5969300000000001,0.5968300000000001,1799999.9523,1200000.0477
28.10.2024 00:00:50.336 GMT-0700,0.59691,0.59682,1200000.0477,1200000.0477
28.10.2024 00:00:50.388 GMT-0700,0.5969,0.5968,1200000.0477,1200000.0477
28.10.2024 00:00:50.490 GMT-0700,0.59687,0.59679,1200000.0477,1350000.0238
28.10.2024 00:00:50.593 GMT-0700,0.59685,0.59675,1200000.0477,1799999.9523
28.10.2024 00:00:51.129 GMT-0700,0.5968300000000001,0.59675,1200000.0477,1200000.0477
28.10.2024 00:00:51.180 GMT-0700,0.5968300000000001,0.5967300000000001,1200000.0477,1799999.9523
28.10.2024 00:00:51.283 GMT-0700,0.59682,0.5967300000000001,1200000.0477,1200000.0477
28.10.2024 00:00:51.385 GMT-0700,0.59684,0.5967300000000001,1799999.9523,1799999.9523
28.10.2024 00:00:51.537 GMT-0700,0.5968100000000001,0.5967399999999999,1200000.0477,1200000.0477
28.10.2024 00:00:51.740 GMT-0700,0.59682,0.5967399999999999,1200000.0477,1799999.9523
28.10.2024 00:01:00.311 GMT-0700,0.59685,0.59675,1799999.9523,1200000.0477
28.10.2024 00:01:03.201 GMT-0700,0.59684,0.5967399999999999,1200000.0477,1799999.9523
28.10.2024 00:01:03.859 GMT-0700,0.59685,0.59675,1200000.0477,1200000.0477
28.10.2024 00:01:04.871 GMT-0700,0.59684,0.5967399999999999,1200000.0477,1799999.9523
28.10.2024 00:01:14.666 GMT-0700,0.5968,0.5967300000000001,1200000.0477,1200000.0477
28.10.2024 00:01:14.769 GMT-0700,0.5968100000000001,0.5967100000000001,1799999.9523,1200000.0477
28.10.2024 00:01:17.607 GMT-0700,0.5968100000000001,0.59672,1200000.0477,1200000.0477
28.10.2024 00:01:18.165 GMT-0700,0.5968100000000001,0.5967100000000001,1799999.9523,1200000.0477
28.10.2024 00:01:18.267 GMT-0700,0.5968100000000001,0.59672,1200000.0477,1200000.0477
28.10.2024 00:01:21.088 GMT-0700,0.5968100000000001,0.5967300000000001,1799999.9523,1200000.0477
28.10.2024 00:01:21.190 GMT-0700,0.5968300000000001,0.5967300000000001,1200000.0477,1799999.9523
28.10.2024 00:01:25.075 GMT-0700,0.59684,0.5967399999999999,1799999.9523,1200000.0477
28.10.2024 00:01:29.407 GMT-0700,0.59685,0.59675,1200000.0477,1200000.0477
28.10.2024 00:01:29.509 GMT-0700,0.5968600000000001,0.59675,1799999.9523,1799999.9523
28.10.2024 00:01:30.115 GMT-0700,0.59685,0.59675,1200000.0477,1200000.0477
28.10.2024 00:01:30.368 GMT-0700,0.5968600000000001,0.59675,1799999.9523,1799999.9523
28.10.2024 00:01:35.842 GMT-0700,0.59684,0.59675,1200000.0477,1200000.0477
28.10.2024 00:01:36.096 GMT-0700,0.59685,0.59675,1200000.0477,1799999.9523
28.10.2024 00:01:46.260 GMT-0700,0.5968600000000001,0.5967600000000001,1200000.0477,1200000.0477
28.10.2024 00:01:49.190 GMT-0700,0.5968600000000001,0.59677,1200000.0477,1200000.0477
28.10.2024 00:01:49.292 GMT-0700,0.59687,0.59677,1200000.0477,1200000.0477
28.10.2024 00:01:52.266 GMT-0700,0.5968600000000001,0.5967600000000001,1200000.0477,1799999.9523
28.10.2024 00:01:53.128 GMT-0700,0.59685,0.59675,1200000.0477,1799999.9523
28.10.2024 00:01:57.970 GMT-0700,0.5968600000000001,0.5967600000000001,1799999.9523,1200000.0477
28.10.2024 00:02:00.192 GMT-0700,0.59687,0.59677,1200000.0477,1799999.9523
28.10.2024 00:02:00.294 GMT-0700,0.5968800000000001,0.5967800000000001,1799999.9523,1200000.0477
28.10.2024 00:02:01.411 GMT-0700,0.59689,0.59679,1200000.0477,1200000.0477
28.10.2024 00:02:01.513 GMT-0700,0.5969,0.5968,1200000.0477,1200000.0477
28.10.2024 00:02:01.665 GMT-0700,0.59691,0.5968,6750000,1799999.9523
28.10.2024 00:02:07.652 GMT-0700,0.59691,0.59682,1200000.0477,1200000.0477
28.10.2024 00:02:07.754 GMT-0700,0.5969300000000001,0.5968300000000001,1200000.0477,1799999.9523
28.10.2024 00:02:08.212 GMT-0700,0.5969300000000001,0.59682,1799999.9523,1799999.9523
28.10.2024 00:02:08.416 GMT-0700,0.5969300000000001,0.59685,1200000.0477,1200000.0477
28.10.2024 00:02:08.519 GMT-0700,0.59696,0.5968600000000001,1799999.9523,1200000.0477
28.10.2024 00:02:10.035 GMT-0700,0.59694,0.5968600000000001,1200000.0477,1200000.0477
28.10.2024 00:02:11.196 GMT-0700,0.59696,0.59685,1799999.9523,1799999.9523
28.10.2024 00:02:18.104 GMT-0700,0.59694,0.5968600000000001,1200000.0477,1200000.0477
28.10.2024 00:02:19.616 GMT-0700,0.59696,0.5968600000000001,1799999.9523,1200000.0477
28.10.2024 00:02:21.679 GMT-0700,0.59696,0.59689,1200000.0477,1200000.0477
28.10.2024 00:02:21.786 GMT-0700,0.59699,0.5969,1200000.0477,1200000.0477
28.10.2024 00:02:22.446 GMT-0700,0.597,0.5969,1200000.0477,1799999.9523
28.10.2024 00:02:22.650 GMT-0700,0.597,0.59692,1799999.9523,1200000.0477
28.10.2024 00:02:23.663 GMT-0700,0.59699,0.59691,1200000.0477,1799999.9523
28.10.2024 00:02:35.522 GMT-0700,0.59699,0.5969,1200000.0477,1200000.0477
28.10.2024 00:02:35.574 GMT-0700,0.59697,0.59687,1200000.0477,1799999.9523
28.10.2024 00:02:35.676 GMT-0700,0.59696,0.59687,1200000.0477,1200000.0477
28.10.2024 00:02:35.981 GMT-0700,0.59697,0.59687,1200000.0477,1799999.9523
28.10.2024 00:02:41.173 GMT-0700,0.59695,0.59685,1200000.0477,1799999.9523
28.10.2024 00:02:46.064 GMT-0700,0.59694,0.59685,1200000.0477,1200000.0477
28.10.2024 00:02:46.180 GMT-0700,0.59694,0.59684,1200000.0477,1799999.9523
28.10.2024 00:02:50.876 GMT-0700,0.5969300000000001,0.59684,1200000.0477,1200000.0477
28.10.2024 00:02:51.382 GMT-0700,0.59691,0.5968300000000001,1200000.0477,1799999.9523
28.10.2024 00:02:53.351 GMT-0700,0.5969300000000001,0.5968300000000001,1200000.0477,1200000.0477
28.10.2024 00:02:58.033 GMT-0700,0.5969,0.5968300000000001,1200000.0477,1200000.0477
28.10.2024 00:02:58.135 GMT-0700,0.5969,0.5968,1200000.0477,1799999.9523
28.10.2024 00:02:59.145 GMT-0700,0.59689,0.5968,1200000.0477,1200000.0477
28.10.2024 00:03:00.258 GMT-0700,0.59689,0.5968100000000001,1200000.0477,1799999.9523
28.10.2024 00:03:10.696 GMT-0700,0.59691,0.5968100000000001,1799999.9523,1200000.0477
28.10.2024 00:03:11.324 GMT-0700,0.59689,0.59679,1200000.0477,1799999.9523
28.10.2024 00:03:13.086 GMT-0700,0.5969,0.5968,1200000.0477,1200000.0477
28.10.2024 00:03:14.197 GMT-0700,0.5968800000000001,0.5967800000000001,1200000.0477,1799999.9523
28.10.2024 00:03:15.056 GMT-0700,0.59689,0.5967800000000001,1200000.0477,1200000.0477
28.10.2024 00:03:16.972 GMT-0700,0.59687,0.5967600000000001,1200000.0477,3150000.0954
28.10.2024 00:03:21.815 GMT-0700,0.5968600000000001,0.59675,1200000.0477,3150000.0954
28.10.2024 00:03:25.338 GMT-0700,0.59687,0.5967600000000001,1200000.0477,1200000.0477
28.10.2024 00:03:28.557 GMT-0700,0.59687,0.59677,1200000.0477,1200000.0477
28.10.2024 00:03:28.660 GMT-0700,0.59689,0.5968,1200000.0477,1799999.9523
28.10.2024 00:03:29.218 GMT-0700,0.59687,0.59679,1200000.0477,1200000.0477
28.10.2024 00:03:43.060 GMT-0700,0.5968800000000001,0.5968,1799999.9523,1200000.0477
28.10.2024 00:03:44.171 GMT-0700,0.59689,0.5968,1200000.0477,1200000.0477
28.10.2024 00:03:44.274 GMT-0700,0.59689,0.59682,1200000.0477,1200000.0477
28.10.2024 00:03:44.630 GMT-0700,0.59691,0.5968100000000001,1799999.9523,1200000.0477
28.10.2024 00:03:45.491 GMT-0700,0.5969,0.5968,1200000.0477,1799999.9523
28.10.2024 00:03:47.864 GMT-0700,0.59687,0.59679,1200000.0477,1200000.0477
28.10.2024 00:03:47.966 GMT-0700,0.59687,0.59677,1200000.0477,1799999.9523
28.10.2024 00:03:48.069 GMT-0700,0.5968600000000001,0.59677,1200000.0477,1200000.0477
28.10.2024 00:03:48.321 GMT-0700,0.5968800000000001,0.5967800000000001,1799999.9523,1200000.0477
28.10.2024 00:03:55.666 GMT-0700,0.59687,0.5967600000000001,1799999.9523,4500000
28.10.2024 00:03:58.393 GMT-0700,0.59687,0.59677,1200000.0477,1200000.0477
28.10.2024 00:03:58.899 GMT-0700,0.59687,0.59679,1200000.0477,1200000.0477
28.10.2024 00:04:00.314 GMT-0700,0.5969,0.5968,2700000.0477,1200000.0477
28.10.2024 00:04:00.519 GMT-0700,0.59691,0.59682,1200000.0477,1200000.0477
28.10.2024 00:04:00.621 GMT-0700,0.59692,0.59682,1799999.9523,1200000.0477
28.10.2024 00:04:02.001 GMT-0700,0.5969300000000001,0.5968300000000001,1799999.9523,1200000.0477
28.10.2024 00:04:02.108 GMT-0700,0.59692,0.59682,1200000.0477,1799999.9523
28.10.2024 00:04:04.278 GMT-0700,0.5969300000000001,0.5968300000000001,1799999.9523,1200000.0477
28.10.2024 00:04:08.306 GMT-0700,0.59694,0.59684,1799999.9523,1200000.0477
28.10.2024 00:04:08.408 GMT-0700,0.59695,0.59685,1799999.9523,1200000.0477
28.10.2024 00:04:09.221 GMT-0700,0.5969300000000001,0.59684,1200000.0477,1200000.0477
28.10.2024 00:04:09.323 GMT-0700,0.59692,0.59684,1799999.9523,1200000.0477
28.10.2024 00:04:19.542 GMT-0700,0.59689,0.5968300000000001,1200000.0477,1200000.0477
28.10.2024 00:04:19.646 GMT-0700,0.59691,0.5968100000000001,1799999.9523,1200000.0477
28.10.2024 00:04:19.749 GMT-0700,0.59692,0.5968300000000001,1200000.0477,1200000.0477
28.10.2024 00:04:25.891 GMT-0700,0.59691,0.5968300000000001,1799999.9523,1200000.0477
28.10.2024 00:04:25.994 GMT-0700,0.59691,0.59682,1200000.0477,1200000.0477
28.10.2024 00:04:26.096 GMT-0700,0.59689,0.5968100000000001,1200000.0477,1799999.9523
28.10.2024 00:04:29.719 GMT-0700,0.59692,0.59682,1799999.9523,1200000.0477
28.10.2024 00:04:29.821 GMT-0700,0.59692,0.5968300000000001,1200000.0477,1200000.0477
28.10.2024 00:04:30.227 GMT-0700,0.5969300000000001,0.5968300000000001,1200000.0477,1200000.0477
28.10.2024 00:04:31.235 GMT-0700,0.59694,0.59684,1200000.0477,1200000.0477
28.10.2024 00:04:31.337 GMT-0700,0.59695,0.59684,1799999.9523,1799999.9523
28.10.2024 00:04:34.660 GMT-0700,0.59689,0.59684,1200000.0477,1350000.0238
28.10.2024 00:04:34.762 GMT-0700,0.5969,0.59682,1799999.9523,1200000.0477
28.10.2024 00:04:36.173 GMT-0700,0.59691,0.59682,1200000.0477,1200000.0477
28.10.2024 00:04:36.627 GMT-0700,0.59692,0.59682,1799999.9523,1200000.0477
28.10.2024 00:04:42.462 GMT-0700,0.59691,0.5968100000000001,1200000.0477,1799999.9523
28.10.2024 00:04:42.565 GMT-0700,0.59692,0.59682,1799999.9523,1200000.0477
28.10.2024 00:04:44.731 GMT-0700,0.59691,0.5968100000000001,1200000.0477,1799999.9523
28.10.2024 00:04:48.159 GMT-0700,0.5969,0.5968,1200000.0477,1799999.9523
28.10.2024 00:04:51.178 GMT-0700,0.59689,0.5968,1200000.0477,1200000.0477
28.10.2024 00:04:51.281 GMT-0700,0.59689,0.59679,1799999.9523,1200000.0477
28.10.2024 00:04:56.345 GMT-0700,0.5968600000000001,0.5967800000000001,1200000.0477,1200000.0477
28.10.2024 00:04:56.397 GMT-0700,0.59685,0.59677,1799999.9523,1200000.0477
28.10.2024 00:04:56.499 GMT-0700,0.5968600000000001,0.59677,1200000.0477,1200000.0477
28.10.2024 00:04:56.652 GMT-0700,0.59687,0.59677,1799999.9523,1200000.0477
28.10.2024 00:04:57.056 GMT-0700,0.5968600000000001,0.5967600000000001,1200000.0477,1799999.9523
28.10.2024 00:04:58.119 GMT-0700,0.59687,0.59679,1200000.0477,1200000.0477
28.10.2024 00:04:58.221 GMT-0700,0.59689,0.59679,1200000.0477,1200000.0477
28.10.2024 00:05:02.550 GMT-0700,0.5969,0.59679,2700000.0477,1799999.9523
28.10.2024 00:05:02.703 GMT-0700,0.59689,0.59679,1200000.0477,1200000.0477
28.10.2024 00:05:11.059 GMT-0700,0.5968600000000001,0.59677,1200000.0477,1200000.0477
28.10.2024 00:05:11.163 GMT-0700,0.5968600000000001,0.5967600000000001,1799999.9523,1200000.0477
28.10.2024 00:05:11.718 GMT-0700,0.59687,0.59677,1799999.9523,1200000.0477
28.10.2024 00:05:12.176 GMT-0700,0.5968600000000001,0.5967600000000001,1200000.0477,1200000.0477
28.10.2024 00:05:12.278 GMT-0700,0.59687,0.59677,1799999.9523,1200000.0477
28.10.2024 00:05:14.852 GMT-0700,0.59687,0.59679,1799999.9523,1200000.0477
28.10.2024 00:05:17.370 GMT-0700,0.5968800000000001,0.5968,1799999.9523,1200000.0477
28.10.2024 00:05:18.030 GMT-0700,0.5968800000000001,0.59679,1200000.0477,1200000.0477
28.10.2024 00:05:18.183 GMT-0700,0.59689,0.59679,1799999.9523,1200000.0477
28.10.2024 00:05:19.998 GMT-0700,0.59687,0.59679,1200000.0477,1799999.9523
28.10.2024 00:05:21.746 GMT-0700,0.59687,0.59677,1200000.0477,1200000.0477
28.10.2024 00:05:21.850 GMT-0700,0.5968600000000001,0.5967600000000001,1200000.0477,1200000.0477
28.10.2024 00:05:24.680 GMT-0700,0.59684,0.5967600000000001,1200000.0477,1200000.0477
28.10.2024 00:05:29.781 GMT-0700,0.59682,0.5967399999999999,1200000.0477,1200000.0477
28.10.2024 00:05:31.603 GMT-0700,0.59685,0.59675,1200000.0477,1200000.0477
28.10.2024 00:05:32.009 GMT-0700,0.5968600000000001,0.59675,1799999.9523,1799999.9523
28.10.2024 00:05:32.465 GMT-0700,0.5968600000000001,0.59677,1200000.0477,1200000.0477
28.10.2024 00:05:33.276 GMT-0700,0.59687,0.5967800000000001,1200000.0477,1200000.0477
28.10.2024 00:05:33.380 GMT-0700,0.5968800000000001,0.5967800000000001,1200000.0477,1799999.9523
28.10.2024 00:05:41.494 GMT-0700,0.59687,0.59677,1799999.9523,1200000.0477
28.10.2024 00:05:41.598 GMT-0700,0.5968600000000001,0.59677,1200000.0477,1200000.0477
28.10.2024 00:05:43.279 GMT-0700,0.59685,0.59675,1200000.0477,1799999.9523
28.10.2024 00:05:44.361 GMT-0700,0.59684,0.5967399999999999,1200000.0477,1799999.9523
28.10.2024 00:05:49.813 GMT-0700,0.5968300000000001,0.5967300000000001,1200000.0477,1799999.9523
28.10.2024 00:05:55.155 GMT-0700,0.59684,0.5967300000000001,1200000.0477,1200000.0477
28.10.2024 00:05:58.231 GMT-0700,0.59685,0.5967399999999999,1799999.9523,1200000.0477
28.10.2024 00:05:58.333 GMT-0700,0.59684,0.5967600000000001,1200000.0477,1200000.0477
28.10.2024 00:05:58.537 GMT-0700,0.5968600000000001,0.59675,1200000.0477,1799999.9523
28.10.2024 00:05:58.638 GMT-0700,0.5968600000000001,0.5967600000000001,1200000.0477,1200000.0477
28.10.2024 00:06:00.406 GMT-0700,0.59687,0.5967800000000001,1200000.0477,1200000.0477
28.10.2024 00:06:00.508 GMT-0700,0.5968800000000001,0.59679,1799999.9523,1799999.9523
28.10.2024 00:06:00.913 GMT-0700,0.5968800000000001,0.5968100000000001,1200000.0477,1200000.0477
28.10.2024 00:06:01.015 GMT-0700,0.5969,0.5968,1799999.9523,1200000.0477
28.10.2024 00:06:09.550 GMT-0700,0.5968800000000001,0.5968,1200000.0477,1200000.0477
28.10.2024 00:06:09.652 GMT-0700,0.5968800000000001,0.5967800000000001,1200000.0477,1200000.0477
28.10.2024 00:06:10.010 GMT-0700,0.5968800000000001,0.59677,1200000.0477,1799999.9523
28.10.2024 00:06:11.977 GMT-0700,0.59687,0.5967600000000001,1200000.0477,1799999.9523
28.10.2024 00:06:12.633 GMT-0700,0.59687,0.59677,1200000.0477,1200000.0477
28.10.2024 00:06:12.938 GMT-0700,0.59687,0.5967800000000001,1200000.0477,1799999.9523
28.10.2024 00:06:13.394 GMT-0700,0.59689,0.59679,1200000.0477,1799999.9523
28.10.2024 00:06:23.727 GMT-0700,0.59687,0.5968,1200000.0477,1200000.0477
28.10.2024 00:06:23.829 GMT-0700,0.5968800000000001,0.5967800000000001,1200000.0477,1799999.9523
28.10.2024 00:06:41.356 GMT-0700,0.59685,0.5967800000000001,1200000.0477,1200000.0477
28.10.2024 00:06:41.459 GMT-0700,0.59684,0.59675,1200000.0477,1200000.0477
28.10.2024 00:06:43.323 GMT-0700,0.5968600000000001,0.5967600000000001,1200000.0477,1200000.0477
28.10.2024 00:06:45.342 GMT-0700,0.5968600000000001,0.5967800000000001,1799999.9523,1200000.0477
28.10.2024 00:06:45.394 GMT-0700,0.59689,0.5968100000000001,1200000.0477,1200000.0477
28.10.2024 00:06:45.445 GMT-0700,0.59691,0.5968100000000001,1200000.0477,1799999.9523
28.10.2024 00:06:54.119 GMT-0700,0.59694,0.59685,1200000.0477,1200000.0477
28.10.2024 00:06:54.222 GMT-0700,0.59696,0.5968600000000001,1200000.0477,1200000.0477
28.10.2024 00:06:54.326 GMT-0700,0.59695,0.59685,1200000.0477,1799999.9523
28.10.2024 00:06:54.428 GMT-0700,0.5969300000000001,0.5968600000000001,1200000.0477,1200000.0477
28.10.2024 00:06:57.006 GMT-0700,0.59695,0.59685,1200000.0477,1799999.9523
28.10.2024 00:07:01.288 GMT-0700,0.59695,0.5968600000000001,1200000.0477,1200000.0477
28.10.2024 00:07:01.592 GMT-0700,0.59697,0.59687,1799999.9523,1200000.0477
28.10.2024 00:07:01.695 GMT-0700,0.59697,0.59689,1200000.0477,1200000.0477
28.10.2024 00:07:01.899 GMT-0700,0.59697,0.5968600000000001,1200000.0477,1799999.9523
28.10.2024 00:07:02.001 GMT-0700,0.5969800000000001,0.59689,1200000.0477,1200000.0477
28.10.2024 00:07:09.793 GMT-0700,0.59696,0.5968800000000001,1200000.0477,1200000.0477
28.10.2024 00:07:09.894 GMT-0700,0.59695,0.59687,1200000.0477,1799999.9523
28.10.2024 00:07:10.097 GMT-0700,0.59697,0.59689,1799999.9523,1200000.0477
28.10.2024 00:07:12.216 GMT-0700,0.59696,0.5968800000000001,1200000.0477,1200000.0477
28.10.2024 00:07:12.318 GMT-0700,0.59696,0.59687,1200000.0477,1200000.0477
28.10.2024 00:07:13.580 GMT-0700,0.59695,0.59687,1200000.0477,1200000.0477
28.10.2024 00:07:14.343 GMT-0700,0.59696,0.59687,1200000.0477,1200000.0477
28.10.2024 00:07:16.557 GMT-0700,0.59697,0.5968800000000001,1200000.0477,1200000.0477
28.10.2024 00:07:17.668 GMT-0700,0.59696,0.5968600000000001,1200000.0477,1799999.9523
28.10.2024 00:07:21.299 GMT-0700,0.59695,0.5968800000000001,1200000.0477,1200000.0477
28.10.2024 00:07:21.956 GMT-0700,0.59696,0.5968600000000001,1200000.0477,1799999.9523
28.10.2024 00:07:32.937 GMT-0700,0.59697,0.59687,1200000.0477,1799999.9523
28.10.2024 00:07:39.044 GMT-0700,0.59697,0.5968800000000001,1200000.0477,1200000.0477
28.10.2024 00:07:46.454 GMT-0700,0.59695,0.5968800000000001,1200000.0477,1200000.0477
28.10.2024 00:07:46.556 GMT-0700,0.59696,0.5968600000000001,1200000.0477,1799999.9523
28.10.2024 00:07:48.273 GMT-0700,0.59697,0.59687,1200000.0477,1200000.0477
28.10.2024 00:07:48.375 GMT-0700,0.59697,0.5968800000000001,1200000.0477,1200000.0477
28.10.2024 00:07:53.662 GMT-0700,0.59696,0.5968800000000001,1200000.0477,1200000.0477
28.10.2024 00:07:53.714 GMT-0700,0.59696,0.5968600000000001,1200000.0477,1799999.9523
28.10.2024 00:07:54.931 GMT-0700,0.59694,0.5968600000000001,1200000.0477,1200000.0477
28.10.2024 00:07:55.034 GMT-0700,0.59694,0.59685,1200000.0477,1200000.0477
28.10.2024 00:07:56.047 GMT-0700,0.59696,0.59685,1799999.9523,1200000.0477
28.10.2024 00:07:56.251 GMT-0700,0.59697,0.59685,4050000.1907,1200000.0477
28.10.2024 00:07:56.353 GMT-0700,0.59696,0.59685,1200000.0477,1200000.0477
28.10.2024 00:07:56.607 GMT-0700,0.59697,0.59685,2700000.0477,1200000.0477
28.10.2024 00:08:00.534 GMT-0700,0.5969800000000001,0.5968600000000001,2700000.0477,1200000.0477
28.10.2024 00:08:02.525 GMT-0700,0.5969800000000001,0.5968800000000001,1200000.0477,1200000.0477
28.10.2024 00:08:05.247 GMT-0700,0.5969800000000001,0.5968600000000001,1799999.9523,2700000.0477
28.10.2024 00:08:05.350 GMT-0700,0.5969800000000001,0.5968800000000001,1200000.0477,1200000.0477
28.10.2024 00:08:07.062 GMT-0700,0.59697,0.5968800000000001,1200000.0477,1200000.0477
28.10.2024 00:08:11.591 GMT-0700,0.5969800000000001,0.59691,1200000.0477,1200000.0477
28.10.2024 00:08:11.694 GMT-0700,0.5969800000000001,0.59689,1200000.0477,1200000.0477
28.10.2024 00:08:21.430 GMT-0700,0.59697,0.59689,1200000.0477,1799999.9523
28.10.2024 00:08:36.055 GMT-0700,0.59697,0.5969,1200000.0477,1200000.0477
28.10.2024 00:08:39.526 GMT-0700,0.5969800000000001,0.59691,1200000.0477,1200000.0477
28.10.2024 00:08:39.628 GMT-0700,0.5969800000000001,0.59689,1200000.0477,1200000.0477
28.10.2024 00:08:40.336 GMT-0700,0.597,0.59691,1200000.0477,1200000.0477
28.10.2024 00:08:40.438 GMT-0700,0.5970300000000001,0.59696,1200000.0477,1200000.0477
28.10.2024 00:08:40.591 GMT-0700,0.59704,0.59696,1200000.0477,1200000.0477
28.10.2024 00:08:40.643 GMT-0700,0.5970500000000001,0.59697,1200000.0477,1200000.0477
28.10.2024 00:08:41.049 GMT-0700,0.59708,0.597,4050000.1907,1200000.0477
28.10.2024 00:08:41.152 GMT-0700,0.5971000000000001,0.59702,1200000.0477,1200000.0477
28.10.2024 00:08:41.254 GMT-0700,0.59709,0.59702,1200000.0477,1200000.0477
28.10.2024 00:08:41.306 GMT-0700,0.59711,0.59702,1799999.9523,1200000.0477
28.10.2024 00:08:41.357 GMT-0700,0.59707,0.59701,1200000.0477,1200000.0477
28.10.2024 00:08:54.508 GMT-0700,0.59706,0.5969800000000001,1200000.0477,1200000.0477
28.10.2024 00:08:54.610 GMT-0700,0.59706,0.59697,1200000.0477,1200000.0477
28.10.2024 00:08:58.189 GMT-0700,0.59709,0.59699,1200000.0477,1200000.0477
28.10.2024 00:08:58.291 GMT-0700,0.59708,0.597,1200000.0477,1200000.0477
28.10.2024 00:08:58.393 GMT-0700,0.59708,0.59699,1200000.0477,1200000.0477
28.10.2024 00:09:00.160 GMT-0700,0.59706,0.59699,1200000.0477,1200000.0477
28.10.2024 00:09:00.211 GMT-0700,0.59706,0.59697,1200000.0477,1200000.0477
28.10.2024 00:09:03.639 GMT-0700,0.59709,0.59699,7199999.8093,1200000.0477
28.10.2024 00:09:03.741 GMT-0700,0.59709,0.597,1200000.0477,1200000.0477
28.10.2024 00:09:04.754 GMT-0700,0.59708,0.597,1200000.0477,1200000.0477
28.10.2024 00:09:05.512 GMT-0700,0.59707,0.59699,1200000.0477,1200000.0477
28.10.2024 00:09:05.615 GMT-0700,0.59707,0.5969800000000001,1200000.0477,1200000.0477
28.10.2024 00:09:06.075 GMT-0700,0.59707,0.59697,1200000.0477,1799999.9523
28.10.2024 00:09:06.178 GMT-0700,0.59707,0.5969800000000001,1200000.0477,1200000.0477
28.10.2024 00:09:06.280 GMT-0700,0.59707,0.59697,1200000.0477,1799999.9523
28.10.2024 00:09:06.784 GMT-0700,0.59706,0.59697,1200000.0477,1200000.0477
28.10.2024 00:09:07.896 GMT-0700,0.5970500000000001,0.59697,1200000.0477,1200000.0477
28.10.2024 00:09:09.813 GMT-0700,0.5970300000000001,0.59695,1200000.0477,1200000.0477
28.10.2024 00:09:09.915 GMT-0700,0.5970300000000001,0.5969300000000001,1200000.0477,1200000.0477
28.10.2024 00:09:10.018 GMT-0700,0.59701,0.59692,1200000.0477,1200000.0477
28.10.2024 00:09:10.172 GMT-0700,0.59702,0.59692,1200000.0477,1799999.9523
28.10.2024 00:09:15.371 GMT-0700,0.59704,0.59694,1799999.9523,1200000.0477
28.10.2024 00:09:15.474 GMT-0700,0.5970500000000001,0.59695,1200000.0477,1200000.0477
28.10.2024 00:09:15.627 GMT-0700,0.5970300000000001,0.59695,1200000.0477,1200000.0477
28.10.2024 00:09:16.033 GMT-0700,0.5970300000000001,0.59696,1200000.0477,1200000.0477
28.10.2024 00:09:21.929 GMT-0700,0.5970500000000001,0.59696,3599999.9046,1200000.0477
28.10.2024 00:09:22.032 GMT-0700,0.59707,0.59696,1200000.0477,1200000.0477
28.10.2024 00:09:22.134 GMT-0700,0.59707,0.59697,1200000.0477,1200000.0477
28.10.2024 00:09:23.161 GMT-0700,0.5970500000000001,0.59696,1200000.0477,1200000.0477
28.10.2024 00:09:23.268 GMT-0700,0.5970500000000001,0.59694,1799999.9523,1200000.0477
28.10.2024 00:09:23.673 GMT-0700,0.5970500000000001,0.59695,1200000.0477,1200000.0477
28.10.2024 00:09:24.786 GMT-0700,0.59704,0.59694,1799999.9523,1200000.0477
28.10.2024 00:09:24.888 GMT-0700,0.5970500000000001,0.59694,1799999.9523,1200000.0477
28.10.2024 00:09:27.720 GMT-0700,0.59704,0.59694,1200000.0477,1200000.0477
28.10.2024 00:09:33.816 GMT-0700,0.5970500000000001,0.59694,3599999.9046,1200000.0477
28.10.2024 00:09:33.918 GMT-0700,0.59704,0.59694,1200000.0477,1200000.0477
28.10.2024 00:09:34.776 GMT-0700,0.5970500000000001,0.59694,2250000,1200000.0477
28.10.2024 00:09:34.878 GMT-0700,0.59704,0.59694,1200000.0477,1200000.0477
28.10.2024 00:09:39.160 GMT-0700,0.59704,0.59695,1200000.0477,1200000.0477
28.10.2024 00:09:39.212 GMT-0700,0.59706,0.59695,1200000.0477,1200000.0477
28.10.2024 00:09:39.263 GMT-0700,0.5970500000000001,0.5969800000000001,1200000.0477,1200000.0477
28.10.2024 00:09:42.990 GMT-0700,0.59707,0.59697,1799999.9523,1200000.0477
28.10.2024 00:09:44.205 GMT-0700,0.59706,0.59697,1200000.0477,1200000.0477
28.10.2024 00:09:44.659 GMT-0700,0.59707,0.59697,1200000.0477,1200000.0477
28.10.2024 00:09:44.862 GMT-0700,0.59709,0.5969800000000001,1200000.0477,1200000.0477
28.10.2024 00:09:44.964 GMT-0700,0.59708,0.59701,1200000.0477,1200000.0477
28.10.2024 00:09:45.320 GMT-0700,0.59707,0.59701,1200000.0477,1200000.0477
28.10.2024 00:09:50.571 GMT-0700,0.59708,0.59699,1200000.0477,1200000.0477
28.10.2024 00:09:52.512 GMT-0700,0.5971000000000001,0.597,1200000.0477,1200000.0477
28.10.2024 00:09:52.565 GMT-0700,0.59707,0.59701,1200000.0477,1200000.0477
28.10.2024 00:09:52.719 GMT-0700,0.5971000000000001,0.59702,1200000.0477,1200000.0477
28.10.2024 00:09:52.823 GMT-0700,0.59707,0.59699,1200000.0477,1200000.0477
28.10.2024 00:09:52.925 GMT-0700,0.59707,0.59697,1200000.0477,1799999.9523
28.10.2024 00:09:53.281 GMT-0700,0.59708,0.5969800000000001,1200000.0477,1799999.9523
28.10.2024 00:09:53.434 GMT-0700,0.59706,0.59699,1200000.0477,1200000.0477
28.10.2024 00:09:53.943 GMT-0700,0.59708,0.5969800000000001,1200000.0477,1799999.9523
28.10.2024 00:09:54.045 GMT-0700,0.59707,0.5969800000000001,1200000.0477,1200000.0477
28.10.2024 00:09:54.350 GMT-0700,0.59707,0.597,1200000.0477,1200000.0477
28.10.2024 00:09:59.803 GMT-0700,0.59707,0.5969800000000001,1200000.0477,1200000.0477
28.10.2024 00:10:00.209 GMT-0700,0.59707,0.597,1200000.0477,1200000.0477
28.10.2024 00:10:00.312 GMT-0700,0.59707,0.5969800000000001,1200000.0477,1200000.0477
28.10.2024 00:10:01.219 GMT-0700,0.59708,0.5969800000000001,1200000.0477,1799999.9523
28.10.2024 00:10:01.372 GMT-0700,0.59706,0.59699,1200000.0477,1200000.0477
28.10.2024 00:10:01.975 GMT-0700,0.59706,0.5969800000000001,1200000.0477,1799999.9523
28.10.2024 00:10:02.077 GMT-0700,0.59707,0.5969800000000001,1200000.0477,1200000.0477
28.10.2024 00:10:02.280 GMT-0700,0.59708,0.5969800000000001,1200000.0477,1799999.9523
28.10.2024 00:10:02.534 GMT-0700,0.59706,0.59699,1200000.0477,1200000.0477
28.10.2024 00:10:02.989 GMT-0700,0.59707,0.59699,1200000.0477,1200000.0477
28.10.2024 00:10:05.114 GMT-0700,0.59707,0.59701,1200000.0477,1200000.0477
28.10.2024 00:10:05.165 GMT-0700,0.59709,0.59701,1200000.0477,1200000.0477
28.10.2024 00:10:08.243 GMT-0700,0.59707,0.59702,1200000.0477,1200000.0477
28.10.2024 00:10:08.948 GMT-0700,0.5971000000000001,0.59701,1200000.0477,1200000.0477
28.10.2024 00:10:09.051 GMT-0700,0.59709,0.59701,1200000.0477,1200000.0477
28.10.2024 00:10:26.021 GMT-0700,0.59711,0.59701,1200000.0477,1799999.9523
28.10.2024 00:10:26.124 GMT-0700,0.5971000000000001,0.59701,1200000.0477,1200000.0477
28.10.2024 00:10:27.189 GMT-0700,0.59709,0.59701,1200000.0477,1200000.0477
28.10.2024 00:10:47.335 GMT-0700,0.5971000000000001,0.59701,1200000.0477,1200000.0477
28.10.2024 00:10:47.437 GMT-0700,0.59711,0.59701,1200000.0477,1799999.9523
28.10.2024 00:10:48.388 GMT-0700,0.5971000000000001,0.59701,1200000.0477,1200000.0477
28.10.2024 00:10:51.868 GMT-0700,0.59709,0.59701,1200000.0477,1200000.0477
28.10.2024 00:10:55.647 GMT-0700,0.59706,0.597,1200000.0477,1200000.0477
28.10.2024 00:10:55.750 GMT-0700,0.59706,0.5969800000000001,1200000.0477,1200000.0477
28.10.2024 00:10:58.528 GMT-0700,0.59707,0.597,1200000.0477,1200000.0477
28.10.2024 00:10:58.630 GMT-0700,0.59707,0.59701,1200000.0477,1200000.0477
28.10.2024 00:10:59.085 GMT-0700,0.59707,0.597,1200000.0477,1200000.0477
28.10.2024 00:11:00.094 GMT-0700,0.59709,0.597,1799999.9523,1200000.0477
28.10.2024 00:11:00.145 GMT-0700,0.59707,0.597,1200000.0477,1200000.0477
28.10.2024 00:11:00.197 GMT-0700,0.59706,0.59699,1200000.0477,1200000.0477
28.10.2024 00:11:05.736 GMT-0700,0.5970500000000001,0.59697,1200000.0477,1200000.0477
28.10.2024 00:11:05.838 GMT-0700,0.5970500000000001,0.59696,1200000.0477,1200000.0477
28.10.2024 00:11:06.497 GMT-0700,0.59706,0.59696,1200000.0477,1799999.9523
28.10.2024 00:11:06.599 GMT-0700,0.59706,0.59697,1200000.0477,1200000.0477
28.10.2024 00:11:09.576 GMT-0700,0.5970500000000001,0.59696,1200000.0477,1200000.0477
28.10.2024 00:11:10.185 GMT-0700,0.59704,0.59696,1200000.0477,1200000.0477
28.10.2024 00:11:10.289 GMT-0700,0.59704,0.59695,1200000.0477,1200000.0477
28.10.2024 00:11:12.158 GMT-0700,0.5970500000000001,0.59695,1200000.0477,1799999.9523
28.10.2024 00:11:12.310 GMT-0700,0.5970500000000001,0.59696,1200000.0477,1200000.0477
28.10.2024 00:11:12.968 GMT-0700,0.59706,0.59696,1200000.0477,1799999.9523
28.10.2024 00:11:13.084 GMT-0700,0.59706,0.59697,1200000.0477,1200000.0477
28.10.2024 00:11:14.645 GMT-0700,0.59708,0.59697,1200000.0477,1799999.9523
28.10.2024 00:11:14.697 GMT-0700,0.59709,0.59699,1200000.0477,1200000.0477
28.10.2024 00:11:15.057 GMT-0700,0.59709,0.597,1200000.0477,1200000.0477
28.10.2024 00:11:15.362 GMT-0700,0.5971000000000001,0.59701,1200000.0477,1200000.0477
28.10.2024 00:11:18.142 GMT-0700,0.59709,0.59701,1200000.0477,1200000.0477
28.10.2024 00:11:26.803 GMT-0700,0.59708,0.59701,1200000.0477,1200000.0477
28.10.2024 00:11:26.905 GMT-0700,0.59707,0.59699,1200000.0477,1200000.0477
28.10.2024 00:11:27.970 GMT-0700,0.59707,0.5969800000000001,1200000.0477,1200000.0477
28.10.2024 00:11:28.883 GMT-0700,0.59707,0.59699,1200000.0477,1200000.0477
28.10.2024 00:11:31.404 GMT-0700,0.59706,0.59699,1200000.0477,1200000.0477
28.10.2024 00:11:32.362 GMT-0700,0.59707,0.59699,1200000.0477,1799999.9523
28.10.2024 00:11:33.118 GMT-0700,0.59708,0.597,1799999.9523,1200000.0477
28.10.2024 00:11:33.221 GMT-0700,0.59709,0.597,1200000.0477,1200000.0477
28.10.2024 00:11:35.340 GMT-0700,0.59708,0.59702,1200000.0477,1200000.0477
28.10.2024 00:11:37.609 GMT-0700,0.59706,0.59699,1200000.0477,1200000.0477
28.10.2024 00:11:45.934 GMT-0700,0.59706,0.5969800000000001,1200000.0477,1799999.9523
28.10.2024 00:11:49.560 GMT-0700,0.59707,0.5969800000000001,1200000.0477,1200000.0477
28.10.2024 00:11:50.168 GMT-0700,0.59709,0.59699,1799999.9523,1200000.0477
28.10.2024 00:12:00.393 GMT-0700,0.59709,0.597,1200000.0477,1200000.0477
28.10.2024 00:12:01.401 GMT-0700,0.59712,0.59704,1200000.0477,1200000.0477
28.10.2024 00:12:01.504 GMT-0700,0.59713,0.59704,1200000.0477,1200000.0477
28.10.2024 00:12:01.607 GMT-0700,0.59713,0.5970300000000001,1200000.0477,1200000.0477
28.10.2024 00:12:01.810 GMT-0700,0.59712,0.59702,1200000.0477,1799999.9523
28.10.2024 00:12:01.913 GMT-0700,0.59713,0.5970500000000001,1200000.0477,1799999.9523
28.10.2024 00:12:02.015 GMT-0700,0.59713,0.59704,1200000.0477,1200000.0477
28.10.2024 00:12:02.472 GMT-0700,0.5971500000000001,0.5970500000000001,1799999.9523,1200000.0477
28.10.2024 00:12:15.947 GMT-0700,0.59716,0.59709,1200000.0477,1200000.0477
28.10.2024 00:12:16.050 GMT-0700,0.59718,0.59709,1200000.0477,1200000.0477
28.10.2024 00:12:16.155 GMT-0700,0.59717,0.59708,1200000.0477,1200000.0477
28.10.2024 00:12:16.257 GMT-0700,0.59716,0.59706,1200000.0477,1200000.0477
28.10.2024 00:12:18.322 GMT-0700,0.59716,0.59708,1799999.9523,1200000.0477
28.10.2024 00:12:18.827 GMT-0700,0.59716,0.59706,1200000.0477,1200000.0477
28.10.2024 00:12:18.979 GMT-0700,0.59716,0.59707,1799999.9523,1799999.9523
28.10.2024 00:12:19.485 GMT-0700,0.59716,0.59706,1200000.0477,1200000.0477
28.10.2024 00:12:21.650 GMT-0700,0.59713,0.59704,1200000.0477,1200000.0477
28.10.2024 00:12:21.753 GMT-0700,0.59713,0.5970300000000001,1799999.9523,1200000.0477
28.10.2024 00:12:22.768 GMT-0700,0.5971000000000001,0.59701,1200000.0477,1200000.0477
28.10.2024 00:12:22.870 GMT-0700,0.5971000000000001,0.597,1200000.0477,1799999.9523
28.10.2024 00:12:23.730 GMT-0700,0.59709,0.59699,1200000.0477,1799999.9523
28.10.2024 00:12:28.560 GMT-0700,0.5971000000000001,0.597,3150000.0954,1200000.0477
28.10.2024 00:12:36.985 GMT-0700,0.59709,0.59699,1200000.0477,1200000.0477
28.10.2024 00:12:37.087 GMT-0700,0.59707,0.59699,1200000.0477,1799999.9523
28.10.2024 00:12:42.188 GMT-0700,0.59709,0.59699,1200000.0477,1200000.0477
28.10.2024 00:12:42.341 GMT-0700,0.59708,0.5969800000000001,1200000.0477,1799999.9523
28.10.2024 00:12:49.129 GMT-0700,0.59709,0.59699,1200000.0477,1799999.9523
28.10.2024 00:12:49.334 GMT-0700,0.59708,0.59699,1200000.0477,1200000.0477
28.10.2024 00:12:51.708 GMT-0700,0.59708,0.597,1200000.0477,1799999.9523
28.10.2024 00:12:51.760 GMT-0700,0.59711,0.597,1799999.9523,1799999.9523
28.10.2024 00:12:51.819 GMT-0700,0.59711,0.59702,1200000.0477,1200000.0477
28.10.2024 00:12:51.927 GMT-0700,0.59711,0.5970300000000001,1200000.0477,1200000.0477
28.10.2024 00:12:52.436 GMT-0700,0.59714,0.5970300000000001,3599999.9046,1799999.9523
28.10.2024 00:12:52.539 GMT-0700,0.59712,0.5970300000000001,1799999.9523,1799999.9523
28.10.2024 00:12:52.894 GMT-0700,0.59714,0.59704,1200000.0477,1200000.0477
28.10.2024 00:12:56.129 GMT-0700,0.59712,0.5970500000000001,1200000.0477,1200000.0477
28.10.2024 00:12:58.268 GMT-0700,0.59713,0.5970300000000001,1200000.0477,1200000.0477
28.10.2024 00:12:58.422 GMT-0700,0.59712,0.59702,1200000.0477,1200000.0477
28.10.2024 00:13:00.086 GMT-0700,0.59712,0.59701,1200000.0477,1799999.9523
28.10.2024 00:13:02.160 GMT-0700,0.5971000000000001,0.59701,1200000.0477,1200000.0477
28.10.2024 00:13:02.262 GMT-0700,0.59712,0.59701,1200000.0477,1799999.9523
28.10.2024 00:13:02.566 GMT-0700,0.59711,0.59701,1200000.0477,1200000.0477
28.10.2024 00:13:03.425 GMT-0700,0.59712,0.59701,1200000.0477,1799999.9523
28.10.2024 00:13:06.803 GMT-0700,0.59711,0.59701,1200000.0477,1200000.0477
28.10.2024 00:13:08.016 GMT-0700,0.59711,0.5970300000000001,1799999.9523,1200000.0477
28.10.2024 00:13:08.924 GMT-0700,0.59713,0.5970300000000001,1799999.9523,1200000.0477
28.10.2024 00:13:09.229 GMT-0700,0.59711,0.5970300000000001,1200000.0477,1799999.9523
28.10.2024 00:13:09.685 GMT-0700,0.59713,0.5970300000000001,1200000.0477,1200000.0477
28.10.2024 00:13:13.324 GMT-0700,0.59714,0.59704,1200000.0477,1799999.9523
28.10.2024 00:13:13.428 GMT-0700,0.59716,0.5970500000000001,1799999.9523,1200000.0477
28.10.2024 00:13:14.893 GMT-0700,0.59716,0.59706,1200000.0477,1200000.0477
28.10.2024 00:13:19.576 GMT-0700,0.59713,0.5970500000000001,1200000.0477,1200000.0477
28.10.2024 00:13:19.678 GMT-0700,0.59712,0.5970500000000001,1200000.0477,1200000.0477
28.10.2024 00:13:20.034 GMT-0700,0.5971500000000001,0.5970500000000001,1799999.9523,1200000.0477
28.10.2024 00:13:20.136 GMT-0700,0.59714,0.59704,1200000.0477,1799999.9523
28.10.2024 00:13:20.187 GMT-0700,0.59712,0.59704,1200000.0477,1200000.0477
28.10.2024 00:13:20.320 GMT-0700,0.59712,0.5970300000000001,1200000.0477,1200000.0477
28.10.2024 00:13:20.422 GMT-0700,0.59711,0.5970300000000001,1200000.0477,1200000.0477
28.10.2024 00:13:21.333 GMT-0700,0.59708,0.59701,1200000.0477,1200000.0477
28.10.2024 00:13:29.165 GMT-0700,0.59706,0.59699,1200000.0477,1200000.0477
28.10.2024 00:13:29.268 GMT-0700,0.59707,0.59697,1200000.0477,1799999.9523
28.10.2024 00:13:29.370 GMT-0700,0.59707,0.59699,1200000.0477,1200000.0477
28.10.2024 00:13:30.282 GMT-0700,0.59707,0.59697,1200000.0477,1200000.0477
28.10.2024 00:13:30.637 GMT-0700,0.59704,0.59697,1200000.0477,1200000.0477
28.10.2024 00:13:30.891 GMT-0700,0.5970500000000001,0.59697,1200000.0477,1799999.9523
28.10.2024 00:13:37.539 GMT-0700,0.59706,0.5969800000000001,1200000.0477,1200000.0477
28.10.2024 00:13:37.640 GMT-0700,0.59707,0.5969800000000001,1200000.0477,1200000.0477
28.10.2024 00:13:37.742 GMT-0700,0.59707,0.59697,1200000.0477,1799999.9523
28.10.2024 00:13:39.712 GMT-0700,0.59707,0.5969800000000001,1200000.0477,1200000.0477
28.10.2024 00:13:41.882 GMT-0700,0.59707,0.59697,1200000.0477,1799999.9523
28.10.2024 00:13:42.085 GMT-0700,0.59707,0.5969800000000001,1200000.0477,1200000.0477
28.10.2024 00:13:47.225 GMT-0700,0.59708,0.597,1200000.0477,1200000.0477
28.10.2024 00:13:53.058 GMT-0700,0.59707,0.59699,1200000.0477,1799999.9523
28.10.2024 00:13:53.161 GMT-0700,0.59707,0.59697,1200000.0477,1799999.9523
28.10.2024 00:13:58.361 GMT-0700,0.59706,0.59696,1200000.0477,1799999.9523
28.10.2024 00:14:00.941 GMT-0700,0.59707,0.59697,1799999.9523,1200000.0477
28.10.2024 00:14:03.507 GMT-0700,0.59704,0.59696,1200000.0477,3150000.0954
28.10.2024 00:14:03.762 GMT-0700,0.5970500000000001,0.59694,1200000.0477,1799999.9523
28.10.2024 00:14:04.017 GMT-0700,0.5970300000000001,0.59694,1200000.0477,1200000.0477
28.10.2024 00:14:08.968 GMT-0700,0.5970300000000001,0.5969300000000001,1200000.0477,1799999.9523
28.10.2024 00:14:10.973 GMT-0700,0.59702,0.59692,1200000.0477,1799999.9523
28.10.2024 00:14:13.347 GMT-0700,0.59701,0.59691,1200000.0477,1799999.9523
28.10.2024 00:14:17.579 GMT-0700,0.59702,0.59692,1799999.9523,1200000.0477
28.10.2024 00:14:26.896 GMT-0700,0.59701,0.59692,1200000.0477,1200000.0477
28.10.2024 00:14:26.998 GMT-0700,0.59702,0.59692,1200000.0477,1799999.9523
28.10.2024 00:14:27.100 GMT-0700,0.597,0.5969,1200000.0477,1799999.9523
28.10.2024 00:14:33.632 GMT-0700,0.59702,0.59692,1799999.9523,1200000.0477
28.10.2024 00:14:33.743 GMT-0700,0.59701,0.59691,1200000.0477,1799999.9523
28.10.2024 00:14:46.884 GMT-0700,0.59702,0.59692,1799999.9523,1200000.0477
28.10.2024 00:14:48.194 GMT-0700,0.59704,0.59694,1200000.0477,1799999.9523
28.10.2024 00:14:58.121 GMT-0700,0.5970500000000001,0.59695,1200000.0477,1799999.9523
28.10.2024 00:14:59.209 GMT-0700,0.59704,0.59695,1200000.0477,1200000.0477
28.10.2024 00:14:59.312 GMT-0700,0.59702,0.59692,1200000.0477,1799999.9523
28.10.2024 00:15:02.395 GMT-0700,0.59702,0.59694,1200000.0477,1200000.0477
28.10.2024 00:15:02.497 GMT-0700,0.5970300000000001,0.59694,1200000.0477,1200000.0477
28.10.2024 00:15:02.750 GMT-0700,0.59704,0.59695,1200000.0477,1200000.0477
28.10.2024 00:15:03.964 GMT-0700,0.59706,0.59696,1200000.0477,1200000.0477
28.10.2024 00:15:04.168 GMT-0700,0.59706,0.59697,1200000.0477,1200000.0477
28.10.2024 00:15:04.220 GMT-0700,0.59708,0.5969800000000001,1200000.0477,1200000.0477
28.10.2024 00:15:05.534 GMT-0700,0.59707,0.59697,1200000.0477,1799999.9523
28.10.2024 00:15:07.950 GMT-0700,0.59707,0.5969800000000001,1200000.0477,1200000.0477
28.10.2024 00:15:08.052 GMT-0700,0.59707,0.59697,1200000.0477,1799999.9523
28.10.2024 00:15:08.957 GMT-0700,0.59708,0.5969800000000001,1200000.0477,1200000.0477
28.10.2024 00:15:12.077 GMT-0700,0.59707,0.59697,1200000.0477,1799999.9523
28.10.2024 00:15:12.230 GMT-0700,0.59708,0.5969800000000001,1200000.0477,1200000.0477
28.10.2024 00:15:12.332 GMT-0700,0.59708,0.59699,1200000.0477,1200000.0477
28.10.2024 00:15:12.435 GMT-0700,0.59708,0.5969800000000001,1200000.0477,1200000.0477
28.10.2024 00:15:12.536 GMT-0700,0.59708,0.59699,1200000.0477,1200000.0477
28.10.2024 00:15:13.747 GMT-0700,0.59708,0.5969800000000001,1200000.0477,1200000.0477
28.10.2024 00:15:14.454 GMT-0700,0.59708,0.59699,1200000.0477,1200000.0477
28.10.2024 00:15:14.656 GMT-0700,0.59708,0.5969800000000001,1200000.0477,1200000.0477
28.10.2024 00:15:14.810 GMT-0700,0.59707,0.59697,1200000.0477,1799999.9523
28.10.2024 00:15:15.368 GMT-0700,0.5970500000000001,0.59697,1200000.0477,1799999.9523
28.10.2024 00:15:18.284 GMT-0700,0.59706,0.59697,1200000.0477,1200000.0477
28.10.2024 00:15:18.488 GMT-0700,0.59706,0.5969800000000001,1200000.0477,1799999.9523
28.10.2024 00:15:19.764 GMT-0700,0.59707,0.59699,1200000.0477,1200000.0477
28.10.2024 00:15:19.870 GMT-0700,0.59708,0.59699,1200000.0477,1200000.0477
28.10.2024 00:15:19.973 GMT-0700,0.59707,0.59699,1799999.9523,1799999.9523
28.10.2024 00:15:22.345 GMT-0700,0.59707,0.5969800000000001,1200000.0477,1200000.0477
28.10.2024 00:15:30.505 GMT-0700,0.59709,0.59699,1200000.0477,1200000.0477
28.10.2024 00:15:33.381 GMT-0700,0.5971000000000001,0.597,1799999.9523,1799999.9523
28.10.2024 00:15:33.484 GMT-0700,0.5971000000000001,0.59701,1200000.0477,1200000.0477
28.10.2024 00:15:36.105 GMT-0700,0.59711,0.59701,1200000.0477,1799999.9523
28.10.2024 00:15:45.116 GMT-0700,0.59708,0.59699,1200000.0477,1200000.0477
28.10.2024 00:15:45.320 GMT-0700,0.59708,0.5969800000000001,1200000.0477,1799999.9523
28.10.2024 00:15:45.984 GMT-0700,0.59708,0.597,1200000.0477,1200000.0477
28.10.2024 00:15:47.602 GMT-0700,0.59708,0.59699,1200000.0477,1200000.0477
28.10.2024 00:15:47.705 GMT-0700,0.59708,0.5969800000000001,1200000.0477,1799999.9523
28.10.2024 00:15:53.808 GMT-0700,0.59707,0.5969800000000001,1200000.0477,1200000.0477
28.10.2024 00:16:00.152 GMT-0700,0.5970500000000001,0.5969800000000001,1200000.0477,1200000.0477
28.10.2024 00:16:00.205 GMT-0700,0.59706,0.59697,1200000.0477,1799999.9523
28.10.2024 00:16:00.310 GMT-0700,0.59707,0.5969800000000001,1200000.0477,1799999.9523
28.10.2024 00:16:00.418 GMT-0700,0.59708,0.5969800000000001,1200000.0477,1200000.0477
28.10.2024 00:16:01.328 GMT-0700,0.59706,0.5969800000000001,1200000.0477,1200000.0477
28.10.2024 00:16:02.591 GMT-0700,0.5971000000000001,0.59699,2700000.0477,1799999.9523
28.10.2024 00:16:02.694 GMT-0700,0.59709,0.59701,1200000.0477,1200000.0477
28.10.2024 00:16:04.407 GMT-0700,0.59708,0.5969800000000001,1200000.0477,1799999.9523
28.10.2024 00:16:04.816 GMT-0700,0.59709,0.59699,1200000.0477,1200000.0477
28.10.2024 00:16:11.678 GMT-0700,0.59711,0.597,1799999.9523,1799999.9523
28.10.2024 00:16:12.637 GMT-0700,0.59711,0.59704,1200000.0477,1200000.0477
28.10.2024 00:16:12.743 GMT-0700,0.59714,0.59704,1200000.0477,1200000.0477
28.10.2024 00:16:12.845 GMT-0700,0.59714,0.59706,2700000.0477,1200000.0477
28.10.2024 00:16:12.947 GMT-0700,0.59713,0.5970500000000001,1200000.0477,1200000.0477
28.10.2024 00:16:13.050 GMT-0700,0.59714,0.5970300000000001,1200000.0477,1799999.9523
28.10.2024 00:16:13.505 GMT-0700,0.59714,0.59704,1200000.0477,1200000.0477
28.10.2024 00:16:13.707 GMT-0700,0.59714,0.59706,1200000.0477,1200000.0477
28.10.2024 00:16:13.810 GMT-0700,0.59714,0.59704,1200000.0477,1799999.9523
28.10.2024 00:16:19.553 GMT-0700,0.59713,0.59704,1200000.0477,1200000.0477
28.10.2024 00:16:19.604 GMT-0700,0.5971000000000001,0.5970300000000001,1200000.0477,1200000.0477
28.10.2024 00:16:19.707 GMT-0700,0.59711,0.59701,1799999.9523,1200000.0477
28.10.2024 00:16:19.809 GMT-0700,0.59711,0.59702,1200000.0477,1200000.0477
28.10.2024 00:16:23.486 GMT-0700,0.5971000000000001,0.59702,1200000.0477,1799999.9523
28.10.2024 00:16:28.678 GMT-0700,0.5971000000000001,0.5970300000000001,1200000.0477,1200000.0477
28.10.2024 00:16:31.800 GMT-0700,0.59711,0.5970300000000001,1200000.0477,1799999.9523
28.10.2024 00:16:33.617 GMT-0700,0.59714,0.5970500000000001,1200000.0477,1200000.0477
28.10.2024 00:16:33.720 GMT-0700,0.59716,0.59706,1200000.0477,1799999.9523
28.10.2024 00:16:35.845 GMT-0700,0.59718,0.59708,1200000.0477,1799999.9523
28.10.2024 00:16:42.295 GMT-0700,0.5972000000000001,0.59709,1200000.0477,1200000.0477
28.10.2024 00:16:42.403 GMT-0700,0.5972000000000001,0.5971000000000001,1200000.0477,1200000.0477
28.10.2024 00:16:43.113 GMT-0700,0.59722,0.59712,1799999.9523,1200000.0477
28.10.2024 00:16:43.218 GMT-0700,0.59722,0.59714,1200000.0477,1200000.0477
28.10.2024 00:16:43.325 GMT-0700,0.59726,0.5971500000000001,1200000.0477,1200000.0477
28.10.2024 00:16:43.427 GMT-0700,0.59726,0.59716,1200000.0477,1200000.0477
28.10.2024 00:16:43.580 GMT-0700,0.59724,0.5971500000000001,1200000.0477,1200000.0477
28.10.2024 00:16:48.367 GMT-0700,0.59726,0.59716,1200000.0477,1200000.0477
28.10.2024 00:16:48.722 GMT-0700,0.5972500000000001,0.5971500000000001,1200000.0477,1799999.9523
28.10.2024 00:16:56.771 GMT-0700,0.59726,0.59716,1200000.0477,1200000.0477
28.10.2024 00:16:59.901 GMT-0700,0.5972500000000001,0.5971500000000001,1200000.0477,1799999.9523
28.10.2024 00:17:00.154 GMT-0700,0.59724,0.5971500000000001,1200000.0477,1200000.0477
28.10.2024 00:17:00.815 GMT-0700,0.59726,0.59716,1200000.0477,1200000.0477
28.10.2024 00:17:01.019 GMT-0700,0.59724,0.59716,1200000.0477,1799999.9523
28.10.2024 00:17:06.661 GMT-0700,0.5972500000000001,0.59717,1799999.9523,1200000.0477
28.10.2024 00:17:06.914 GMT-0700,0.5972500000000001,0.5971500000000001,1200000.0477,1799999.9523
28.10.2024 00:17:16.526 GMT-0700,0.59727,0.5971500000000001,1200000.0477,1200000.0477
28.10.2024 00:17:35.579 GMT-0700,0.59728,0.59718,1200000.0477,1200000.0477
28.10.2024 00:17:35.681 GMT-0700,0.5973100000000001,0.5972000000000001,4500000,1200000.0477
28.10.2024 00:17:35.784 GMT-0700,0.5973100000000001,0.59719,3599999.9046,1200000.0477
28.10.2024 00:17:35.885 GMT-0700,0.5973,0.59718,1799999.9523,1200000.0477
28.10.2024 00:17:41.771 GMT-0700,0.5973,0.59717,3299999.9523,1799999.9523
28.10.2024 00:17:49.128 GMT-0700,0.59727,0.59718,1200000.0477,1200000.0477
28.10.2024 00:17:50.893 GMT-0700,0.59727,0.5971500000000001,1799999.9523,1200000.0477
28.10.2024 00:17:50.996 GMT-0700,0.59726,0.59714,1200000.0477,1200000.0477
28.10.2024 00:17:51.098 GMT-0700,0.5972500000000001,0.59714,1200000.0477,1200000.0477
28.10.2024 00:17:51.302 GMT-0700,0.59727,0.5971500000000001,5400000.0954,1200000.0477
28.10.2024 00:17:53.566 GMT-0700,0.59726,0.5971500000000001,1200000.0477,1200000.0477
28.10.2024 00:17:53.769 GMT-0700,0.59727,0.5971500000000001,3150000.0954,1200000.0477
28.10.2024 00:17:54.878 GMT-0700,0.59726,0.5971500000000001,1200000.0477,1200000.0477
28.10.2024 00:17:55.081 GMT-0700,0.59727,0.5971500000000001,4050000.1907,1200000.0477
28.10.2024 00:18:30.827 GMT-0700,0.5972500000000001,0.59714,1200000.0477,1200000.0477
28.10.2024 00:18:30.929 GMT-0700,0.5972500000000001,0.59713,2700000.0477,1200000.0477
28.10.2024 00:18:34.398 GMT-0700,0.59726,0.5971500000000001,1200000.0477,1200000.0477
28.10.2024 00:18:34.500 GMT-0700,0.59726,0.59716,1799999.9523,1200000.0477
28.10.2024 00:18:38.128 GMT-0700,0.59727,0.59714,2700000.0477,1200000.0477
28.10.2024 00:18:38.230 GMT-0700,0.59726,0.59714,1200000.0477,1200000.0477
28.10.2024 00:18:41.661 GMT-0700,0.59728,0.59716,6750000,1200000.0477
28.10.2024 00:18:49.241 GMT-0700,0.59726,0.59717,1200000.0477,1200000.0477
28.10.2024 00:18:49.495 GMT-0700,0.59728,0.59716,1200000.0477,2400000.0954
28.10.2024 00:18:49.598 GMT-0700,0.59729,0.59719,1200000.0477,1200000.0477
28.10.2024 00:18:49.705 GMT-0700,0.59729,0.59716,2250000,1200000.0477
28.10.2024 00:18:49.809 GMT-0700,0.59729,0.59717,1200000.0477,1200000.0477
28.10.2024 00:18:50.215 GMT-0700,0.59729,0.59719,1200000.0477,1200000.0477
28.10.2024 00:18:50.317 GMT-0700,0.5973,0.59719,3150000.0954,1200000.0477
28.10.2024 00:18:50.622 GMT-0700,0.59728,0.59718,4050000.1907,1200000.0477
28.10.2024 00:18:51.028 GMT-0700,0.59727,0.59718,1200000.0477,1200000.0477
28.10.2024 00:18:51.232 GMT-0700,0.59728,0.59716,3599999.9046,1200000.0477
28.10.2024 00:18:52.643 GMT-0700,0.59727,0.59716,1350000.0238,1200000.0477
28.10.2024 00:18:54.104 GMT-0700,0.59728,0.59716,2700000.0477,1200000.0477
28.10.2024 00:18:54.407 GMT-0700,0.59728,0.5971500000000001,2700000.0477,1200000.0477
28.10.2024 00:18:54.459 GMT-0700,0.59726,0.5971500000000001,2700000.0477,1200000.0477
28.10.2024 00:18:54.511 GMT-0700,0.5972500000000001,0.59713,1200000.0477,1200000.0477
28.10.2024 00:18:56.178 GMT-0700,0.59724,0.5971500000000001,1200000.0477,1200000.0477
28.10.2024 00:19:03.347 GMT-0700,0.5972500000000001,0.59714,2400000.0954,1200000.0477
28.10.2024 00:19:03.399 GMT-0700,0.59724,0.59712,2250000,1200000.0477
28.10.2024 00:19:06.569 GMT-0700,0.59723,0.59712,1200000.0477,1200000.0477
28.10.2024 00:19:12.188 GMT-0700,0.59722,0.59711,1200000.0477,1200000.0477
28.10.2024 00:19:12.843 GMT-0700,0.59722,0.59712,1200000.0477,1200000.0477
28.10.2024 00:19:23.288 GMT-0700,0.59721,0.59712,1200000.0477,1200000.0477
28.10.2024 00:19:23.390 GMT-0700,0.59723,0.59711,2700000.0477,1200000.0477
28.10.2024 00:19:23.543 GMT-0700,0.59721,0.59712,1200000.0477,1200000.0477
28.10.2024 00:19:29.981 GMT-0700,0.59723,0.59711,2700000.0477,1200000.0477
28.10.2024 00:19:33.303 GMT-0700,0.59722,0.59711,1200000.0477,1200000.0477
28.10.2024 00:19:44.830 GMT-0700,0.59723,0.59711,5849999.9046,1200000.0477
28.10.2024 00:19:51.177 GMT-0700,0.59721,0.59709,3599999.9046,1200000.0477
28.10.2024 00:19:51.684 GMT-0700,0.5972000000000001,0.59711,1200000.0477,1200000.0477
28.10.2024 00:19:58.078 GMT-0700,0.59722,0.59711,1200000.0477,4199999.8093
28.10.2024 00:19:58.180 GMT-0700,0.59726,0.59714,1799999.9523,1200000.0477
28.10.2024 00:19:58.839 GMT-0700,0.59724,0.59714,1200000.0477,1799999.9523
28.10.2024 00:19:58.891 GMT-0700,0.59723,0.59713,1799999.9523,1200000.0477
28.10.2024 00:19:58.942 GMT-0700,0.59722,0.59711,1200000.0477,1200000.0477
28.10.2024 00:20:03.481 GMT-0700,0.59723,0.59711,1200000.0477,1200000.0477
28.10.2024 00:20:05.679 GMT-0700,0.59724,0.59713,1200000.0477,1200000.0477
28.10.2024 00:20:06.488 GMT-0700,0.59724,0.5971500000000001,1200000.0477,1200000.0477
28.10.2024 00:20:06.590 GMT-0700,0.59726,0.5971500000000001,1200000.0477,1200000.0477
28.10.2024 00:20:08.723 GMT-0700,0.59726,0.59714,1200000.0477,1200000.0477
28.10.2024 00:20:08.825 GMT-0700,0.5972500000000001,0.59714,1200000.0477,1200000.0477
28.10.2024 00:20:13.171 GMT-0700,0.59726,0.5971500000000001,1200000.0477,1200000.0477
28.10.2024 00:20:17.760 GMT-0700,0.5972500000000001,0.59714,1799999.9523,1200000.0477
28.10.2024 00:20:17.864 GMT-0700,0.59723,0.59711,1200000.0477,1799999.9523
28.10.2024 00:20:17.969 GMT-0700,0.59724,0.59712,2250000,1200000.0477
28.10.2024 00:20:18.981 GMT-0700,0.59721,0.59711,1200000.0477,2700000.0477
28.10.2024 00:20:19.234 GMT-0700,0.59722,0.59711,1200000.0477,1200000.0477
28.10.2024 00:20:19.487 GMT-0700,0.59722,0.5971000000000001,1200000.0477,1200000.0477
28.10.2024 00:20:19.589 GMT-0700,0.59721,0.5971000000000001,1200000.0477,1200000.0477
28.10.2024 00:20:20.247 GMT-0700,0.59722,0.59711,2700000.0477,1200000.0477
28.10.2024 00:20:20.350 GMT-0700,0.59718,0.59707,1200000.0477,1200000.0477
28.10.2024 00:20:20.857 GMT-0700,0.59717,0.59706,1200000.0477,1200000.0477
28.10.2024 00:20:20.960 GMT-0700,0.59718,0.59707,1200000.0477,1200000.0477
28.10.2024 00:20:26.667 GMT-0700,0.5972000000000001,0.59709,2700000.0477,1200000.0477
28.10.2024 00:20:29.746 GMT-0700,0.59718,0.59708,1200000.0477,1799999.9523
28.10.2024 00:20:29.848 GMT-0700,0.59717,0.59706,1200000.0477,1799999.9523
28.10.2024 00:20:32.128 GMT-0700,0.59717,0.5970500000000001,1200000.0477,1200000.0477
28.10.2024 00:20:32.433 GMT-0700,0.59717,0.59706,3150000.0954,1200000.0477
28.10.2024 00:20:32.636 GMT-0700,0.59718,0.59706,3150000.0954,1200000.0477
28.10.2024 00:20:35.907 GMT-0700,0.59716,0.59707,1350000.0238,1200000.0477
28.10.2024 00:20:38.575 GMT-0700,0.59718,0.59706,2700000.0477,1200000.0477
28.10.2024 00:20:39.130 GMT-0700,0.59719,0.59707,1799999.9523,1200000.0477
28.10.2024 00:20:40.345 GMT-0700,0.59719,0.59709,3599999.9046,1200000.0477
28.10.2024 00:20:40.448 GMT-0700,0.5972000000000001,0.5971000000000001,2700000.0477,1200000.0477
28.10.2024 00:20:40.550 GMT-0700,0.5972000000000001,0.59708,1200000.0477,1200000.0477
28.10.2024 00:20:47.757 GMT-0700,0.5972000000000001,0.59709,1200000.0477,1200000.0477
28.10.2024 00:20:50.440 GMT-0700,0.59721,0.59709,2700000.0477,1200000.0477
28.10.2024 00:20:50.542 GMT-0700,0.59721,0.59708,2700000.0477,1200000.0477
28.10.2024 00:20:50.645 GMT-0700,0.59719,0.59709,1200000.0477,1200000.0477
28.10.2024 00:20:51.301 GMT-0700,0.5972000000000001,0.59709,1350000.0238,1200000.0477
28.10.2024 00:20:51.403 GMT-0700,0.5972000000000001,0.5971000000000001,1200000.0477,1200000.0477
28.10.2024 00:20:52.563 GMT-0700,0.59721,0.5971000000000001,1200000.0477,1200000.0477
28.10.2024 00:20:52.666 GMT-0700,0.59722,0.59712,1200000.0477,1200000.0477
28.10.2024 00:20:54.785 GMT-0700,0.59722,0.59713,1200000.0477,1200000.0477
28.10.2024 00:20:54.887 GMT-0700,0.59724,0.59712,2700000.0477,1200000.0477
28.10.2024 00:20:56.050 GMT-0700,0.59724,0.59714,1200000.0477,1200000.0477
28.10.2024 00:20:56.153 GMT-0700,0.59726,0.59714,1799999.9523,1200000.0477
28.10.2024 00:20:57.517 GMT-0700,0.5972500000000001,0.59714,1200000.0477,1200000.0477
28.10.2024 00:21:01.094 GMT-0700,0.59722,0.59713,1200000.0477,1200000.0477
28.10.2024 00:21:01.196 GMT-0700,0.59722,0.59711,1200000.0477,1200000.0477
28.10.2024 00:21:02.711 GMT-0700,0.59724,0.59711,4500000,1200000.0477
28.10.2024 00:21:02.864 GMT-0700,0.59723,0.59711,1200000.0477,1200000.0477
28.10.2024 00:21:03.117 GMT-0700,0.59723,0.59712,4949999.8093,1200000.0477
28.10.2024 00:21:04.428 GMT-0700,0.59723,0.59711,1200000.0477,1200000.0477
28.10.2024 00:21:05.033 GMT-0700,0.59724,0.59711,4500000,1200000.0477
28.10.2024 00:21:05.136 GMT-0700,0.59723,0.59711,1200000.0477,1200000.0477
28.10.2024 00:21:31.942 GMT-0700,0.59723,0.5971000000000001,6750000,1200000.0477
28.10.2024 00:21:32.044 GMT-0700,0.59722,0.59711,1200000.0477,1200000.0477
28.10.2024 00:21:38.387 GMT-0700,0.59722,0.5971000000000001,1799999.9523,1200000.0477
28.10.2024 00:21:39.045 GMT-0700,0.59721,0.5971000000000001,1200000.0477,1200000.0477
28.10.2024 00:21:40.909 GMT-0700,0.59721,0.59709,3150000.0954,1200000.0477
28.10.2024 00:21:40.961 GMT-0700,0.5972000000000001,0.59709,2400000.0954,1200000.0477
28.10.2024 00:21:41.013 GMT-0700,0.59719,0.59707,1350000.0238,1200000.0477
28.10.2024 00:21:41.115 GMT-0700,0.5972000000000001,0.59709,1200000.0477,1200000.0477
28.10.2024 00:21:41.217 GMT-0700,0.59719,0.59709,1200000.0477,1200000.0477
28.10.2024 00:21:43.079 GMT-0700,0.5972000000000001,0.59709,1200000.0477,1200000.0477
28.10.2024 00:21:43.433 GMT-0700,0.59719,0.59709,1200000.0477,1200000.0477
28.10.2024 00:21:45.293 GMT-0700,0.59718,0.59708,1200000.0477,1200000.0477
28.10.2024 00:21:45.439 GMT-0700,0.59719,0.59707,1200000.0477,1799999.9523
28.10.2024 00:21:45.555 GMT-0700,0.5972000000000001,0.59709,1200000.0477,1200000.0477
28.10.2024 00:21:47.170 GMT-0700,0.5972000000000001,0.5971000000000001,1799999.9523,1200000.0477
28.10.2024 00:21:51.253 GMT-0700,0.59721,0.59711,1200000.0477,1200000.0477
28.10.2024 00:21:51.861 GMT-0700,0.59723,0.59711,2700000.0477,1200000.0477
28.10.2024 00:21:51.964 GMT-0700,0.5972500000000001,0.5971500000000001,1200000.0477,1200000.0477
28.10.2024 00:21:52.018 GMT-0700,0.59727,0.5971500000000001,4050000.1907,1200000.0477
28.10.2024 00:21:52.323 GMT-0700,0.59726,0.5971500000000001,1200000.0477,1200000.0477
28.10.2024 00:21:53.336 GMT-0700,0.59728,0.59717,1799999.9523,2250000
28.10.2024 00:21:53.439 GMT-0700,0.59729,0.5972000000000001,1200000.0477,1200000.0477
28.10.2024 00:21:53.643 GMT-0700,0.59728,0.59717,1200000.0477,1200000.0477
28.10.2024 00:21:53.997 GMT-0700,0.59728,0.59716,1200000.0477,2700000.0477
28.10.2024 00:21:54.300 GMT-0700,0.59729,0.59718,1799999.9523,1200000.0477
28.10.2024 00:21:54.403 GMT-0700,0.5973,0.59718,1799999.9523,1200000.0477
28.10.2024 00:21:55.262 GMT-0700,0.59729,0.59718,1200000.0477,1200000.0477
28.10.2024 00:21:55.618 GMT-0700,0.5973,0.59718,1799999.9523,1200000.0477
28.10.2024 00:21:56.074 GMT-0700,0.59729,0.59718,1200000.0477,1200000.0477
28.10.2024 00:21:56.176 GMT-0700,0.5973,0.59718,1799999.9523,1200000.0477
28.10.2024 00:21:57.536 GMT-0700,0.5973,0.59719,1200000.0477,1200000.0477
28.10.2024 00:21:58.043 GMT-0700,0.5973100000000001,0.59721,2250000,1200000.0477
28.10.2024 00:22:00.625 GMT-0700,0.5973100000000001,0.5972000000000001,1200000.0477,1200000.0477
28.10.2024 00:22:02.392 GMT-0700,0.5973,0.59718,1200000.0477,1799999.9523
28.10.2024 00:22:02.495 GMT-0700,0.59728,0.59717,1200000.0477,3150000.0954
28.10.2024 00:22:09.015 GMT-0700,0.5973,0.59718,1799999.9523,1200000.0477
28.10.2024 00:22:09.270 GMT-0700,0.5973,0.59719,1200000.0477,1200000.0477
28.10.2024 00:22:10.288 GMT-0700,0.59729,0.59718,1200000.0477,1200000.0477
28.10.2024 00:22:11.654 GMT-0700,0.5973,0.5972000000000001,1200000.0477,1200000.0477
28.10.2024 00:22:11.958 GMT-0700,0.59729,0.5972000000000001,1200000.0477,1200000.0477
28.10.2024 00:22:12.061 GMT-0700,0.59729,0.59718,1200000.0477,1200000.0477
28.10.2024 00:22:12.163 GMT-0700,0.59728,0.59717,1200000.0477,1799999.9523
28.10.2024 00:22:15.389 GMT-0700,0.59729,0.59718,1200000.0477,1200000.0477
28.10.2024 00:22:15.498 GMT-0700,0.59729,0.59719,1200000.0477,1799999.9523
28.10.2024 00:22:16.205 GMT-0700,0.5973100000000001,0.5972000000000001,1200000.0477,1200000.0477
28.10.2024 00:22:37.023 GMT-0700,0.59729,0.59718,1200000.0477,1200000.0477
28.10.2024 00:22:37.935 GMT-0700,0.59727,0.59716,1200000.0477,1799999.9523
28.10.2024 00:22:38.190 GMT-0700,0.59728,0.59719,1200000.0477,1200000.0477
28.10.2024 00:22:38.292 GMT-0700,0.59727,0.59716,1200000.0477,1799999.9523
28.10.2024 00:22:38.496 GMT-0700,0.59728,0.59717,1200000.0477,1200000.0477
28.10.2024 00:22:38.598 GMT-0700,0.59727,0.59716,1200000.0477,1200000.0477
28.10.2024 00:22:39.256 GMT-0700,0.59727,0.59718,2250000,1200000.0477
28.10.2024 00:22:39.358 GMT-0700,0.59727,0.59716,1200000.0477,1200000.0477
28.10.2024 00:22:41.574 GMT-0700,0.59728,0.59716,2250000,1200000.0477
28.10.2024 00:22:41.676 GMT-0700,0.59726,0.59717,1200000.0477,1200000.0477
28.10.2024 00:22:48.128 GMT-0700,0.59726,0.5971500000000001,1200000.0477,1200000.0477
28.10.2024 00:22:48.635 GMT-0700,0.59727,0.59716,1200000.0477,1200000.0477
28.10.2024 00:22:48.738 GMT-0700,0.59728,0.59719,2250000,1200000.0477
28.10.2024 00:22:51.160 GMT-0700,0.5973,0.59719,1200000.0477,1200000.0477
28.10.2024 00:22:58.626 GMT-0700,0.5973100000000001,0.5972000000000001,1200000.0477,2700000.0477
28.10.2024 00:22:58.729 GMT-0700,0.59732,0.59721,1200000.0477,1200000.0477
28.10.2024 00:23:10.259 GMT-0700,0.5973100000000001,0.5972000000000001,1200000.0477,1200000.0477
28.10.2024 00:23:12.631 GMT-0700,0.59729,0.59719,1350000.0238,1200000.0477
28.10.2024 00:23:12.734 GMT-0700,0.59727,0.59716,1200000.0477,1799999.9523
28.10.2024 00:23:27.243 GMT-0700,0.5972500000000001,0.59716,1200000.0477,1200000.0477
28.10.2024 00:23:27.346 GMT-0700,0.59721,0.5971000000000001,1200000.0477,1799999.9523
28.10.2024 00:23:27.448 GMT-0700,0.59722,0.5971000000000001,1799999.9523,2700000.0477
28.10.2024 00:23:27.602 GMT-0700,0.59722,0.59711,1200000.0477,1200000.0477
28.10.2024 00:23:27.704 GMT-0700,0.59722,0.5971000000000001,1200000.0477,3599999.9046
28.10.2024 00:23:28.614 GMT-0700,0.59723,0.59711,1799999.9523,1200000.0477
28.10.2024 00:23:28.716 GMT-0700,0.59724,0.59713,1200000.0477,1200000.0477
28.10.2024 00:23:31.401 GMT-0700,0.59721,0.59712,1200000.0477,1799999.9523
28.10.2024 00:23:31.755 GMT-0700,0.59723,0.59711,1200000.0477,1799999.9523
28.10.2024 00:23:31.858 GMT-0700,0.59724,0.59713,1200000.0477,1200000.0477
28.10.2024 00:23:35.179 GMT-0700,0.59723,0.59712,1200000.0477,1200000.0477
28.10.2024 00:23:35.332 GMT-0700,0.59721,0.59712,1200000.0477,1799999.9523
28.10.2024 00:23:43.631 GMT-0700,0.59724,0.59713,2250000,1200000.0477
28.10.2024 00:23:46.105 GMT-0700,0.5972500000000001,0.59714,1200000.0477,1200000.0477
28.10.2024 00:23:57.025 GMT-0700,0.59723,0.59712,1200000.0477,1799999.9523
28.10.2024 00:23:57.128 GMT-0700,0.59721,0.59712,1200000.0477,1799999.9523
28.10.2024 00:23:57.230 GMT-0700,0.59724,0.59713,1799999.9523,1200000.0477
28.10.2024 00:24:00.212 GMT-0700,0.5972500000000001,0.59714,2250000,1200000.0477
28.10.2024 00:24:00.365 GMT-0700,0.59726,0.59714,2250000,1200000.0477
28.10.2024 00:24:11.171 GMT-0700,0.59726,0.5971500000000001,3599999.9046,1200000.0477
28.10.2024 00:24:14.595 GMT-0700,0.5972500000000001,0.59714,1799999.9523,1200000.0477
28.10.2024 00:24:17.466 GMT-0700,0.59724,0.59713,1200000.0477,1200000.0477
28.10.2024 00:24:18.629 GMT-0700,0.59722,0.59713,1799999.9523,1200000.0477
28.10.2024 00:24:18.731 GMT-0700,0.59722,0.59711,1200000.0477,1200000.0477
28.10.2024 00:24:18.833 GMT-0700,0.59724,0.59713,2250000,1200000.0477
28.10.2024 00:24:20.142 GMT-0700,0.59722,0.59714,1200000.0477,1200000.0477
28.10.2024 00:24:20.193 GMT-0700,0.59721,0.59712,1200000.0477,1799999.9523
28.10.2024 00:24:24.176 GMT-0700,0.59719,0.59711,1350000.0238,1200000.0477
28.10.2024 00:24:24.279 GMT-0700,0.59719,0.59708,1799999.9523,1200000.0477
28.10.2024 00:24:26.497 GMT-0700,0.59718,0.59708,1200000.0477,1200000.0477
28.10.2024 00:24:26.600 GMT-0700,0.59718,0.59707,1799999.9523,1200000.0477
28.10.2024 00:24:26.702 GMT-0700,0.59717,0.59706,1799999.9523,1200000.0477
28.10.2024 00:24:27.864 GMT-0700,0.59716,0.5970500000000001,1200000.0477,1200000.0477
28.10.2024 00:24:27.967 GMT-0700,0.59713,0.59704,1200000.0477,1200000.0477
28.10.2024 00:24:28.071 GMT-0700,0.59712,0.5970300000000001,1200000.0477,1200000.0477
28.10.2024 00:24:28.187 GMT-0700,0.59714,0.5970300000000001,1200000.0477,1200000.0477
28.10.2024 00:24:50.372 GMT-0700,0.59716,0.5970500000000001,1799999.9523,1200000.0477
28.10.2024 00:24:57.991 GMT-0700,0.59716,0.59706,1200000.0477,1799999.9523
28.10.2024 00:24:58.094 GMT-0700,0.5972000000000001,0.5971000000000001,1200000.0477,1200000.0477
28.10.2024 00:24:59.257 GMT-0700,0.59721,0.5971000000000001,2250000,1200000.0477
28.10.2024 00:25:00.165 GMT-0700,0.59719,0.5971000000000001,1200000.0477,1200000.0477
28.10.2024 00:25:00.216 GMT-0700,0.59718,0.59707,1200000.0477,1200000.0477
28.10.2024 00:25:00.722 GMT-0700,0.59719,0.59708,1799999.9523,1200000.0477
28.10.2024 00:25:00.925 GMT-0700,0.59718,0.59707,1200000.0477,1200000.0477
28.10.2024 00:25:01.128 GMT-0700,0.5972000000000001,0.59709,4949999.8093,1200000.0477
28.10.2024 00:25:01.231 GMT-0700,0.5972000000000001,0.59712,1200000.0477,1200000.0477
28.10.2024 00:25:01.333 GMT-0700,0.59723,0.59712,1200000.0477,1200000.0477
28.10.2024 00:25:01.587 GMT-0700,0.59724,0.59713,1799999.9523,1200000.0477
28.10.2024 00:25:02.044 GMT-0700,0.59723,0.59712,1799999.9523,1200000.0477
28.10.2024 00:25:02.149 GMT-0700,0.59721,0.5971000000000001,1200000.0477,1200000.0477
28.10.2024 00:25:05.026 GMT-0700,0.5972000000000001,0.59709,1799999.9523,1200000.0477
28.10.2024 00:25:05.129 GMT-0700,0.5971500000000001,0.59706,2250000,1200000.0477
28.10.2024 00:25:06.395 GMT-0700,0.5971500000000001,0.59704,1200000.0477,1200000.0477
28.10.2024 00:25:07.864 GMT-0700,0.59714,0.5970300000000001,1799999.9523,1200000.0477
28.10.2024 00:25:07.967 GMT-0700,0.59713,0.59702,1200000.0477,1200000.0477
28.10.2024 00:25:08.069 GMT-0700,0.59714,0.5970300000000001,3150000.0954,1200000.0477
28.10.2024 00:25:08.171 GMT-0700,0.59712,0.59701,1200000.0477,1799999.9523
28.10.2024 00:25:08.324 GMT-0700,0.59714,0.5970300000000001,2250000,1200000.0477
28.10.2024 00:25:09.081 GMT-0700,0.59713,0.59702,1200000.0477,1200000.0477
28.10.2024 00:25:10.397 GMT-0700,0.59711,0.59701,1200000.0477,1200000.0477
28.10.2024 00:25:10.550 GMT-0700,0.59711,0.597,1200000.0477,1799999.9523
28.10.2024 00:25:17.036 GMT-0700,0.5971000000000001,0.59699,1200000.0477,1200000.0477
28.10.2024 00:25:17.290 GMT-0700,0.59709,0.5969800000000001,1200000.0477,1200000.0477
28.10.2024 00:25:19.863 GMT-0700,0.59708,0.59697,1200000.0477,1200000.0477
28.10.2024 00:25:20.067 GMT-0700,0.59709,0.5969800000000001,3599999.9046,1200000.0477
28.10.2024 00:25:20.320 GMT-0700,0.59708,0.59697,1200000.0477,1200000.0477
28.10.2024 00:25:20.977 GMT-0700,0.59707,0.59696,1799999.9523,1200000.0477
28.10.2024 00:25:21.080 GMT-0700,0.59708,0.59697,1799999.9523,1200000.0477
28.10.2024 00:25:26.164 GMT-0700,0.59708,0.59696,1200000.0477,1799999.9523
28.10.2024 00:25:26.272 GMT-0700,0.59708,0.59697,1799999.9523,1200000.0477
28.10.2024 00:25:32.220 GMT-0700,0.5971000000000001,0.59699,3599999.9046,1200000.0477
28.10.2024 00:25:32.322 GMT-0700,0.59709,0.5969800000000001,2250000,1200000.0477
28.10.2024 00:25:40.680 GMT-0700,0.5971000000000001,0.59699,2250000,1200000.0477
28.10.2024 00:25:40.782 GMT-0700,0.59709,0.5969800000000001,1350000.0238,1200000.0477
28.10.2024 00:25:40.937 GMT-0700,0.5971000000000001,0.59699,1799999.9523,1200000.0477
28.10.2024 00:25:41.141 GMT-0700,0.59709,0.59699,1799999.9523,1200000.0477
28.10.2024 00:25:43.232 GMT-0700,0.5971000000000001,0.59699,1799999.9523,1200000.0477
28.10.2024 00:25:45.356 GMT-0700,0.59711,0.597,1200000.0477,1200000.0477
28.10.2024 00:25:49.893 GMT-0700,0.59713,0.59701,1200000.0477,1200000.0477
28.10.2024 00:25:49.998 GMT-0700,0.59714,0.5970300000000001,1200000.0477,1200000.0477
28.10.2024 00:25:54.428 GMT-0700,0.59713,0.59702,1799999.9523,1200000.0477
28.10.2024 00:25:54.530 GMT-0700,0.59712,0.59701,1200000.0477,1200000.0477
28.10.2024 00:25:56.243 GMT-0700,0.59711,0.597,1200000.0477,1200000.0477
28.10.2024 00:26:00.119 GMT-0700,0.5971000000000001,0.59702,1200000.0477,1200000.0477
28.10.2024 00:26:00.221 GMT-0700,0.59712,0.59701,1799999.9523,1200000.0477
28.10.2024 00:26:01.182 GMT-0700,0.59713,0.59702,1200000.0477,1200000.0477
28.10.2024 00:26:02.091 GMT-0700,0.59713,0.5970300000000001,1200000.0477,1200000.0477
28.10.2024 00:26:02.194 GMT-0700,0.59711,0.59702,1799999.9523,1200000.0477
28.10.2024 00:26:03.706 GMT-0700,0.59714,0.5970300000000001,1799999.9523,1200000.0477
28.10.2024 00:26:09.888 GMT-0700,0.5971500000000001,0.59704,3599999.9046,1200000.0477
28.10.2024 00:26:16.184 GMT-0700,0.59714,0.59704,1200000.0477,1200000.0477
28.10.2024 00:26:16.639 GMT-0700,0.5971500000000001,0.59704,3599999.9046,1200000.0477
28.10.2024 00:26:17.746 GMT-0700,0.59714,0.59704,1200000.0477,1200000.0477
28.10.2024 00:26:18.452 GMT-0700,0.59711,0.5970300000000001,1200000.0477,1200000.0477
28.10.2024 00:26:18.554 GMT-0700,0.59712,0.5970300000000001,1200000.0477,1200000.0477
28.10.2024 00:26:20.268 GMT-0700,0.59714,0.59704,1200000.0477,1200000.0477
28.10.2024 00:26:23.943 GMT-0700,0.59713,0.59702,1799999.9523,1200000.0477
28.10.2024 00:26:24.046 GMT-0700,0.59712,0.5970500000000001,1200000.0477,1200000.0477
28.10.2024 00:26:24.149 GMT-0700,0.59717,0.59706,1200000.0477,1799999.9523
28.10.2024 00:26:24.251 GMT-0700,0.59719,0.59709,1200000.0477,1200000.0477
28.10.2024 00:26:28.290 GMT-0700,0.59719,0.59712,1200000.0477,1200000.0477
28.10.2024 00:26:33.933 GMT-0700,0.5972000000000001,0.5971000000000001,1200000.0477,1200000.0477
28.10.2024 00:26:40.448 GMT-0700,0.59722,0.59711,1799999.9523,1200000.0477
28.10.2024 00:26:40.852 GMT-0700,0.59723,0.59711,4050000.1907,1200000.0477
28.10.2024 00:26:41.558 GMT-0700,0.59724,0.59716,2700000.0477,1200000.0477
28.10.2024 00:26:41.661 GMT-0700,0.59726,0.59716,2700000.0477,1200000.0477
28.10.2024 00:26:42.571 GMT-0700,0.59727,0.59716,2250000,1200000.0477
28.10.2024 00:27:00.206 GMT-0700,0.59727,0.59717,2250000,1200000.0477
28.10.2024 00:27:00.359 GMT-0700,0.59726,0.59717,1200000.0477,1200000.0477
28.10.2024 00:27:26.633 GMT-0700,0.59729,0.59718,1799999.9523,1200000.0477
28.10.2024 00:27:26.685 GMT-0700,0.59729,0.5972000000000001,1200000.0477,1200000.0477
28.10.2024 00:27:29.862 GMT-0700,0.5973,0.5972000000000001,1200000.0477,1200000.0477
28.10.2024 00:27:29.964 GMT-0700,0.5973,0.59719,1200000.0477,1200000.0477
28.10.2024 00:27:30.370 GMT-0700,0.59729,0.59719,1200000.0477,1200000.0477
28.10.2024 00:27:31.837 GMT-0700,0.5973,0.59719,3599999.9046,1200000.0477
28.10.2024 00:27:32.091 GMT-0700,0.59729,0.59719,1200000.0477,1200000.0477
28.10.2024 00:27:35.786 GMT-0700,0.59728,0.59718,1200000.0477,1200000.0477
28.10.2024 00:27:35.890 GMT-0700,0.59728,0.59717,1200000.0477,1200000.0477
28.10.2024 00:27:39.260 GMT-0700,0.59727,0.5972000000000001,1200000.0477,1200000.0477
28.10.2024 00:27:39.363 GMT-0700,0.59729,0.59719,1200000.0477,1200000.0477
28.10.2024 00:27:44.253 GMT-0700,0.59729,0.59721,1350000.0238,1200000.0477
28.10.2024 00:27:44.304 GMT-0700,0.5973100000000001,0.59721,2250000,1200000.0477
28.10.2024 00:27:44.407 GMT-0700,0.59729,0.59721,1200000.0477,1200000.0477
28.10.2024 00:27:44.663 GMT-0700,0.59729,0.59719,1200000.0477,1200000.0477
28.10.2024 00:27:49.907 GMT-0700,0.59729,0.59718,1799999.9523,1200000.0477
28.10.2024 00:27:50.009 GMT-0700,0.59727,0.5972000000000001,1200000.0477,1200000.0477
28.10.2024 00:27:50.112 GMT-0700,0.5973,0.59721,1200000.0477,1200000.0477
28.10.2024 00:27:50.214 GMT-0700,0.5973100000000001,0.59721,1799999.9523,1200000.0477
28.10.2024 00:27:50.469 GMT-0700,0.5973,0.59721,1200000.0477,1200000.0477
28.10.2024 00:27:50.723 GMT-0700,0.5973100000000001,0.59721,1350000.0238,1200000.0477
28.10.2024 00:27:50.825 GMT-0700,0.5973100000000001,0.59722,1799999.9523,1200000.0477
28.10.2024 00:27:55.967 GMT-0700,0.5973100000000001,0.59721,1200000.0477,1200000.0477
28.10.2024 00:28:01.212 GMT-0700,0.59732,0.59721,1799999.9523,1200000.0477
28.10.2024 00:28:05.047 GMT-0700,0.5973100000000001,0.59721,1200000.0477,1200000.0477
28.10.2024 00:28:07.773 GMT-0700,0.5973,0.5972000000000001,1200000.0477,1200000.0477
28.10.2024 00:28:07.878 GMT-0700,0.5973100000000001,0.59721,1200000.0477,1200000.0477
28.10.2024 00:28:08.233 GMT-0700,0.59732,0.59721,2250000,1200000.0477
28.10.2024 00:28:18.905 GMT-0700,0.5973100000000001,0.59721,1200000.0477,1200000.0477
28.10.2024 00:28:29.011 GMT-0700,0.59734,0.59724,7650000.0954,1200000.0477
28.10.2024 00:28:29.114 GMT-0700,0.5973600000000001,0.59728,1200000.0477,1200000.0477
28.10.2024 00:28:29.236 GMT-0700,0.59735,0.59726,1200000.0477,1200000.0477
28.10.2024 00:28:32.729 GMT-0700,0.59734,0.59726,1200000.0477,1200000.0477
28.10.2024 00:28:32.831 GMT-0700,0.59734,0.59723,1799999.9523,1200000.0477
28.10.2024 00:28:33.236 GMT-0700,0.59734,0.5972500000000001,1799999.9523,1200000.0477
28.10.2024 00:28:33.895 GMT-0700,0.59733,0.59723,1200000.0477,1200000.0477
28.10.2024 00:28:33.997 GMT-0700,0.59733,0.59722,1200000.0477,1799999.9523
28.10.2024 00:28:34.805 GMT-0700,0.59733,0.59726,1799999.9523,1200000.0477
28.10.2024 00:28:35.312 GMT-0700,0.59735,0.5972500000000001,1350000.0238,1200000.0477
28.10.2024 00:28:35.414 GMT-0700,0.59734,0.5972500000000001,1200000.0477,1200000.0477
28.10.2024 00:28:36.572 GMT-0700,0.59733,0.5972500000000001,1200000.0477,1200000.0477
28.10.2024 00:28:36.674 GMT-0700,0.59735,0.59726,1200000.0477,1200000.0477
28.10.2024 00:28:36.780 GMT-0700,0.59737,0.59726,1799999.9523,1200000.0477
28.10.2024 00:28:39.356 GMT-0700,0.59737,0.59727,1200000.0477,1200000.0477
28.10.2024 00:28:39.459 GMT-0700,0.59738,0.59727,1799999.9523,1200000.0477
28.10.2024 00:28:41.022 GMT-0700,0.59737,0.59727,1799999.9523,1200000.0477
28.10.2024 00:28:42.285 GMT-0700,0.59734,0.59726,1200000.0477,1200000.0477
28.10.2024 00:28:42.438 GMT-0700,0.59734,0.5972500000000001,1200000.0477,1200000.0477
28.10.2024 00:28:45.869 GMT-0700,0.59734,0.59726,1200000.0477,1200000.0477
28.10.2024 00:28:48.388 GMT-0700,0.59737,0.59727,2700000.0477,1200000.0477
28.10.2024 00:28:58.096 GMT-0700,0.59734,0.59728,1200000.0477,1200000.0477
28.10.2024 00:29:00.671 GMT-0700,0.59737,0.59727,1799999.9523,1200000.0477
28.10.2024 00:29:01.433 GMT-0700,0.59739,0.59729,1200000.0477,1200000.0477
28.10.2024 00:29:06.282 GMT-0700,0.59737,0.59728,1799999.9523,1200000.0477
28.10.2024 00:29:06.385 GMT-0700,0.59737,0.59727,1799999.9523,1200000.0477
28.10.2024 00:29:17.851 GMT-0700,0.59738,0.59727,1200000.0477,1799999.9523
28.10.2024 00:29:17.954 GMT-0700,0.59738,0.5973100000000001,1799999.9523,1200000.0477
28.10.2024 00:29:18.056 GMT-0700,0.59738,0.59729,1799999.9523,1200000.0477
28.10.2024 00:29:18.410 GMT-0700,0.59739,0.59729,1200000.0477,1200000.0477
28.10.2024 00:29:21.029 GMT-0700,0.59737,0.59729,1200000.0477,1200000.0477
28.10.2024 00:29:21.233 GMT-0700,0.59738,0.59729,1200000.0477,1200000.0477
28.10.2024 00:29:27.984 GMT-0700,0.5973600000000001,0.59728,1200000.0477,1200000.0477
28.10.2024 00:29:28.086 GMT-0700,0.5973600000000001,0.59727,1200000.0477,1200000.0477
28.10.2024 00:29:30.252 GMT-0700,0.5974,0.59729,1200000.0477,1200000.0477
28.10.2024 00:29:30.304 GMT-0700,0.5974,0.59732,1799999.9523,1200000.0477
28.10.2024 00:29:30.406 GMT-0700,0.5974,0.5973,1799999.9523,1200000.0477
28.10.2024 00:29:31.927 GMT-0700,0.59739,0.5973,1200000.0477,1200000.0477
28.10.2024 00:29:32.029 GMT-0700,0.59739,0.5973100000000001,1200000.0477,1200000.0477
28.10.2024 00:29:33.191 GMT-0700,0.59739,0.5973,1200000.0477,1200000.0477
28.10.2024 00:29:34.099 GMT-0700,0.5974,0.5973,1799999.9523,1200000.0477
28.10.2024 00:29:34.453 GMT-0700,0.5974,0.59729,1799999.9523,1200000.0477
28.10.2024 00:29:34.756 GMT-0700,0.5974100000000001,0.5973100000000001,1200000.0477,1200000.0477
28.10.2024 00:29:35.917 GMT-0700,0.5974,0.5973,1200000.0477,1200000.0477
28.10.2024 00:29:41.049 GMT-0700,0.5974100000000001,0.5973100000000001,1200000.0477,1200000.0477
28.10.2024 00:29:41.153 GMT-0700,0.5974100000000001,0.59733,1799999.9523,1200000.0477
28.10.2024 00:29:41.307 GMT-0700,0.59744,0.59733,1200000.0477,1200000.0477
28.10.2024 00:29:41.359 GMT-0700,0.59744,0.5973600000000001,1200000.0477,1200000.0477
28.10.2024 00:29:43.186 GMT-0700,0.59744,0.59735,1200000.0477,1200000.0477
28.10.2024 00:29:44.447 GMT-0700,0.5974200000000001,0.59733,1799999.9523,1200000.0477
28.10.2024 00:29:45.207 GMT-0700,0.5974200000000001,0.59732,1799999.9523,1200000.0477
28.10.2024 00:29:49.512 GMT-0700,0.5974200000000001,0.59733,1200000.0477,1200000.0477
28.10.2024 00:29:50.366 GMT-0700,0.5974200000000001,0.59732,1799999.9523,1200000.0477
28.10.2024 00:29:53.938 GMT-0700,0.5974100000000001,0.59732,1200000.0477,1200000.0477
28.10.2024 00:29:58.684 GMT-0700,0.5974100000000001,0.59733,1799999.9523,1200000.0477
28.10.2024 00:29:59.290 GMT-0700,0.5974200000000001,0.59733,1200000.0477,1200000.0477
28.10.2024 00:29:59.393 GMT-0700,0.59743,0.59733,1799999.9523,1200000.0477
28.10.2024 00:30:00.960 GMT-0700,0.5974200000000001,0.59735,1799999.9523,1200000.0477
28.10.2024 00:30:02.930 GMT-0700,0.5974200000000001,0.59734,1799999.9523,1200000.0477
28.10.2024 00:30:03.033 GMT-0700,0.59743,0.59734,1799999.9523,1200000.0477
28.10.2024 00:30:03.186 GMT-0700,0.5974100000000001,0.59735,1200000.0477,1200000.0477
28.10.2024 00:30:03.289 GMT-0700,0.59743,0.59734,1200000.0477,1200000.0477
28.10.2024 00:30:04.150 GMT-0700,0.5974600000000001,0.59735,1200000.0477,1200000.0477
28.10.2024 00:30:04.252 GMT-0700,0.5974600000000001,0.5973600000000001,1200000.0477,1200000.0477
28.10.2024 00:30:04.355 GMT-0700,0.59745,0.5973600000000001,1200000.0477,1200000.0477
28.10.2024 00:30:04.457 GMT-0700,0.59743,0.59737,1200000.0477,1200000.0477
28.10.2024 00:30:04.560 GMT-0700,0.59744,0.59735,1200000.0477,1200000.0477
28.10.2024 00:30:11.321 GMT-0700,0.59745,0.59735,1200000.0477,1200000.0477
28.10.2024 00:30:11.577 GMT-0700,0.5974600000000001,0.59735,1200000.0477,1799999.9523
28.10.2024 00:30:11.631 GMT-0700,0.59748,0.59737,4500000,1200000.0477
28.10.2024 00:30:13.658 GMT-0700,0.59749,0.59739,4050000.1907,1799999.9523
28.10.2024 00:30:13.761 GMT-0700,0.5975,0.59739,2250000,1200000.0477
28.10.2024 00:30:14.269 GMT-0700,0.59749,0.59739,1200000.0477,1200000.0477
28.10.2024 00:30:22.626 GMT-0700,0.59748,0.59738,1200000.0477,1200000.0477
28.10.2024 00:30:22.728 GMT-0700,0.5974600000000001,0.59738,1200000.0477,1200000.0477
28.10.2024 00:30:22.983 GMT-0700,0.59748,0.59737,2250000,1200000.0477
28.10.2024 00:30:23.238 GMT-0700,0.5974700000000001,0.59737,1200000.0477,1200000.0477
28.10.2024 00:30:23.693 GMT-0700,0.5974700000000001,0.5973600000000001,1799999.9523,1799999.9523
28.10.2024 00:30:23.795 GMT-0700,0.5974600000000001,0.5973600000000001,1200000.0477,1200000.0477
28.10.2024 00:30:23.947 GMT-0700,0.59745,0.59735,1200000.0477,1200000.0477
28.10.2024 00:30:24.151 GMT-0700,0.59745,0.5973600000000001,1200000.0477,1200000.0477
28.10.2024 00:30:25.162 GMT-0700,0.59745,0.59735,1200000.0477,1200000.0477
28.10.2024 00:30:25.315 GMT-0700,0.59745,0.5973600000000001,1200000.0477,1200000.0477
28.10.2024 00:30:27.729 GMT-0700,0.59743,0.59734,1799999.9523,4050000.1907
28.10.2024 00:30:27.832 GMT-0700,0.59743,0.59732,1200000.0477,1799999.9523
28.10.2024 00:30:28.895 GMT-0700,0.5974200000000001,0.5973100000000001,1799999.9523,1799999.9523
28.10.2024 00:30:28.997 GMT-0700,0.5974100000000001,0.5973100000000001,1200000.0477,1200000.0477
28.10.2024 00:30:29.100 GMT-0700,0.5974200000000001,0.59733,1799999.9523,1200000.0477
28.10.2024 00:30:38.161 GMT-0700,0.5974,0.59732,1200000.0477,1200000.0477
28.10.2024 00:30:38.264 GMT-0700,0.5974100000000001,0.5973,1200000.0477,1799999.9523
28.10.2024 00:30:41.796 GMT-0700,0.5974,0.59732,1200000.0477,1200000.0477
28.10.2024 00:30:43.059 GMT-0700,0.5974100000000001,0.5973,1200000.0477,2700000.0477
28.10.2024 00:30:46.636 GMT-0700,0.5974,0.5973,1200000.0477,1200000.0477
28.10.2024 00:31:00.501 GMT-0700,0.5974,0.59729,1200000.0477,1799999.9523
28.10.2024 00:31:00.603 GMT-0700,0.5974100000000001,0.5973,1200000.0477,2700000.0477
28.10.2024 00:31:01.159 GMT-0700,0.5974100000000001,0.5973100000000001,1200000.0477,1200000.0477
28.10.2024 00:31:01.262 GMT-0700,0.5974100000000001,0.5973,1200000.0477,1799999.9523
28.10.2024 00:31:10.496 GMT-0700,0.5974,0.59729,1200000.0477,1799999.9523
28.10.2024 00:31:21.572 GMT-0700,0.59739,0.59729,1200000.0477,1799999.9523
28.10.2024 00:31:21.674 GMT-0700,0.5974,0.59729,1200000.0477,1799999.9523
28.10.2024 00:31:21.827 GMT-0700,0.59739,0.59729,1200000.0477,1799999.9523
28.10.2024 00:31:21.979 GMT-0700,0.5974,0.59729,1200000.0477,1799999.9523
28.10.2024 00:31:24.292 GMT-0700,0.59739,0.59729,1200000.0477,1799999.9523
28.10.2024 00:31:24.445 GMT-0700,0.5974,0.59729,1200000.0477,1799999.9523
28.10.2024 00:31:25.474 GMT-0700,0.59738,0.59728,1200000.0477,1200000.0477
28.10.2024 00:31:25.589 GMT-0700,0.59737,0.59728,1200000.0477,1200000.0477
28.10.2024 00:31:25.691 GMT-0700,0.59739,0.59728,1200000.0477,1799999.9523
28.10.2024 00:31:26.456 GMT-0700,0.59739,0.59729,1200000.0477,1200000.0477
28.10.2024 00:31:36.309 GMT-0700,0.59739,0.5973,1200000.0477,1799999.9523
28.10.2024 00:31:37.523 GMT-0700,0.5974100000000001,0.5973,1200000.0477,1799999.9523
28.10.2024 00:31:38.586 GMT-0700,0.5974,0.59729,1200000.0477,1799999.9523
28.10.2024 00:31:41.256 GMT-0700,0.59739,0.59728,1200000.0477,1799999.9523
28.10.2024 00:31:45.898 GMT-0700,0.59737,0.59729,1200000.0477,1200000.0477
28.10.2024 00:31:45.999 GMT-0700,0.59739,0.59728,1200000.0477,1799999.9523
28.10.2024 00:31:47.773 GMT-0700,0.59739,0.59729,1200000.0477,1200000.0477
28.10.2024 00:31:47.827 GMT-0700,0.5974,0.59732,1200000.0477,1200000.0477
28.10.2024 00:31:47.944 GMT-0700,0.5974100000000001,0.59732,1200000.0477,1200000.0477
28.10.2024 00:31:48.913 GMT-0700,0.5974100000000001,0.5973,1200000.0477,1799999.9523
28.10.2024 00:31:52.089 GMT-0700,0.5974100000000001,0.5973100000000001,1200000.0477,1200000.0477
28.10.2024 00:31:55.212 GMT-0700,0.5974100000000001,0.5973,1200000.0477,1799999.9523
28.10.2024 00:31:55.314 GMT-0700,0.5974100000000001,0.5973100000000001,1200000.0477,1200000.0477
28.10.2024 00:32:01.500 GMT-0700,0.5974100000000001,0.59732,1200000.0477,1799999.9523
28.10.2024 00:32:01.756 GMT-0700,0.5974200000000001,0.59733,1200000.0477,1200000.0477
28.10.2024 00:32:01.858 GMT-0700,0.59745,0.59735,3150000.0954,1200000.0477
28.10.2024 00:32:04.434 GMT-0700,0.59744,0.59735,1200000.0477,1200000.0477
28.10.2024 00:32:04.637 GMT-0700,0.59744,0.5973600000000001,2250000,1200000.0477
28.10.2024 00:32:05.395 GMT-0700,0.59744,0.59735,1200000.0477,1200000.0477
28.10.2024 00:32:05.949 GMT-0700,0.59744,0.59733,1799999.9523,1799999.9523
28.10.2024 00:32:06.052 GMT-0700,0.5974100000000001,0.59733,1200000.0477,1200000.0477
28.10.2024 00:32:09.380 GMT-0700,0.5974,0.5973100000000001,1200000.0477,1200000.0477
28.10.2024 00:32:09.483 GMT-0700,0.5974100000000001,0.5973,1799999.9523,1200000.0477
28.10.2024 00:32:09.585 GMT-0700,0.59739,0.59729,1200000.0477,1200000.0477
28.10.2024 00:32:09.688 GMT-0700,0.59737,0.59727,1200000.0477,1200000.0477
28.10.2024 00:32:10.218 GMT-0700,0.5973600000000001,0.59727,1200000.0477,1200000.0477
28.10.2024 00:32:10.272 GMT-0700,0.59738,0.59727,3150000.0954,1200000.0477
28.10.2024 00:32:14.051 GMT-0700,0.59739,0.59727,2700000.0477,2700000.0477
28.10.2024 00:32:14.153 GMT-0700,0.59739,0.59729,1799999.9523,1200000.0477
28.10.2024 00:32:19.553 GMT-0700,0.59738,0.59729,1200000.0477,1200000.0477
28.10.2024 00:32:19.655 GMT-0700,0.59739,0.59729,1799999.9523,1200000.0477
28.10.2024 00:32:20.560 GMT-0700,0.59739,0.5973,1799999.9523,1200000.0477
28.10.2024 00:32:21.668 GMT-0700,0.5974,0.5973,2250000,1200000.0477
28.10.2024 00:32:21.770 GMT-0700,0.5974,0.59729,3150000.0954,1200000.0477
28.10.2024 00:32:21.924 GMT-0700,0.59739,0.59729,1200000.0477,1200000.0477
28.10.2024 00:32:26.860 GMT-0700,0.59739,0.5973,1200000.0477,1200000.0477
28.10.2024 00:32:26.912 GMT-0700,0.5974100000000001,0.5973,2700000.0477,1200000.0477
28.10.2024 00:32:28.121 GMT-0700,0.5974,0.5973,1200000.0477,1200000.0477
28.10.2024 00:32:28.375 GMT-0700,0.59737,0.5973,1200000.0477,1200000.0477
28.10.2024 00:32:28.477 GMT-0700,0.59737,0.59728,1200000.0477,1200000.0477
28.10.2024 00:32:29.186 GMT-0700,0.5973600000000001,0.59728,1200000.0477,1200000.0477
28.10.2024 00:32:29.388 GMT-0700,0.59737,0.59728,1200000.0477,1200000.0477
28.10.2024 00:32:31.418 GMT-0700,0.5973600000000001,0.59727,1200000.0477,1200000.0477
28.10.2024 00:32:31.672 GMT-0700,0.5973600000000001,0.59728,1799999.9523,1200000.0477
28.10.2024 00:32:40.639 GMT-0700,0.59738,0.59728,2700000.0477,1200000.0477
28.10.2024 00:32:41.601 GMT-0700,0.59739,0.59728,2250000,1200000.0477
28.10.2024 00:32:42.306 GMT-0700,0.5973600000000001,0.59729,1799999.9523,1200000.0477
28.10.2024 00:32:42.461 GMT-0700,0.5973600000000001,0.59728,1200000.0477,1200000.0477
28.10.2024 00:32:42.566 GMT-0700,0.5973600000000001,0.59727,1200000.0477,1200000.0477
28.10.2024 00:32:42.668 GMT-0700,0.59737,0.59727,1799999.9523,1200000.0477
28.10.2024 00:32:43.127 GMT-0700,0.59735,0.59726,1200000.0477,1200000.0477
28.10.2024 00:32:46.857 GMT-0700,0.59735,0.5972500000000001,1200000.0477,1200000.0477
28.10.2024 00:32:47.415 GMT-0700,0.5973600000000001,0.59726,1799999.9523,1200000.0477
28.10.2024 00:32:49.227 GMT-0700,0.5973600000000001,0.5972500000000001,2700000.0477,1200000.0477
28.10.2024 00:32:49.482 GMT-0700,0.59735,0.5972500000000001,1200000.0477,1200000.0477
28.10.2024 00:32:55.191 GMT-0700,0.59734,0.5972500000000001,1200000.0477,1200000.0477
28.10.2024 00:32:55.746 GMT-0700,0.59733,0.59724,1799999.9523,1200000.0477
28.10.2024 00:32:55.848 GMT-0700,0.59732,0.59722,1200000.0477,1200000.0477
28.10.2024 00:32:56.307 GMT-0700,0.5973100000000001,0.59722,1200000.0477,1200000.0477
28.10.2024 00:32:56.561 GMT-0700,0.59732,0.59722,1799999.9523,1200000.0477
28.10.2024 00:32:59.129 GMT-0700,0.59733,0.59722,3150000.0954,1799999.9523
28.10.2024 00:32:59.231 GMT-0700,0.59732,0.5972500000000001,1200000.0477,1200000.0477
28.10.2024 00:32:59.586 GMT-0700,0.59732,0.59723,1200000.0477,1200000.0477
28.10.2024 00:32:59.690 GMT-0700,0.59732,0.59722,1799999.9523,1200000.0477
28.10.2024 00:33:04.068 GMT-0700,0.5973100000000001,0.59722,2700000.0477,1200000.0477
28.10.2024 00:33:05.327 GMT-0700,0.59732,0.59722,1799999.9523,1200000.0477
28.10.2024 00:33:06.387 GMT-0700,0.59733,0.59722,2700000.0477,1799999.9523
28.10.2024 00:33:11.118 GMT-0700,0.5973100000000001,0.59721,1200000.0477,1200000.0477
28.10.2024 00:33:11.222 GMT-0700,0.59727,0.59718,1200000.0477,1200000.0477
28.10.2024 00:33:11.326 GMT-0700,0.59727,0.59717,1799999.9523,1200000.0477
28.10.2024 00:33:11.934 GMT-0700,0.59726,0.59716,1200000.0477,1200000.0477
28.10.2024 00:33:12.036 GMT-0700,0.59727,0.59717,4050000.1907,1200000.0477
28.10.2024 00:33:12.493 GMT-0700,0.59726,0.59717,1200000.0477,1200000.0477
28.10.2024 00:33:22.555 GMT-0700,0.59727,0.59718,2700000.0477,1799999.9523
28.10.2024 00:33:28.490 GMT-0700,0.59728,0.59718,1799999.9523,1200000.0477
28.10.2024 00:33:28.895 GMT-0700,0.59727,0.59718,2700000.0477,1799999.9523
28.10.2024 00:33:29.956 GMT-0700,0.59728,0.59718,1799999.9523,1200000.0477
28.10.2024 00:33:31.268 GMT-0700,0.59728,0.59719,1200000.0477,1200000.0477
28.10.2024 00:33:34.296 GMT-0700,0.59728,0.59721,1200000.0477,1200000.0477
28.10.2024 00:33:34.400 GMT-0700,0.59729,0.59719,1200000.0477,1200000.0477
28.10.2024 00:33:36.320 GMT-0700,0.59728,0.59718,1200000.0477,1200000.0477
28.10.2024 00:33:37.481 GMT-0700,0.59728,0.59719,1200000.0477,1200000.0477
28.10.2024 00:33:37.684 GMT-0700,0.59726,0.59718,1200000.0477,1200000.0477
28.10.2024 00:33:37.786 GMT-0700,0.59728,0.59717,2700000.0477,1200000.0477
28.10.2024 00:33:40.673 GMT-0700,0.59726,0.59718,1200000.0477,1200000.0477
28.10.2024 00:33:41.032 GMT-0700,0.5972500000000001,0.59717,2250000,1200000.0477
28.10.2024 00:33:45.222 GMT-0700,0.5972500000000001,0.59716,1200000.0477,1200000.0477
28.10.2024 00:33:50.509 GMT-0700,0.59722,0.59716,1799999.9523,1200000.0477
28.10.2024 00:33:50.561 GMT-0700,0.59723,0.59712,1799999.9523,1200000.0477
28.10.2024 00:33:51.068 GMT-0700,0.59722,0.59711,2700000.0477,1799999.9523
28.10.2024 00:33:51.170 GMT-0700,0.59722,0.59712,1799999.9523,1200000.0477
28.10.2024 00:33:52.382 GMT-0700,0.59722,0.59713,1799999.9523,1200000.0477
28.10.2024 00:33:53.791 GMT-0700,0.5972500000000001,0.59713,3599999.9046,1799999.9523
28.10.2024 00:33:53.843 GMT-0700,0.5972500000000001,0.5971500000000001,1799999.9523,1200000.0477
28.10.2024 00:33:54.046 GMT-0700,0.59724,0.5971500000000001,1200000.0477,1200000.0477
28.10.2024 00:33:54.853 GMT-0700,0.59726,0.5971500000000001,4050000.1907,1200000.0477
28.10.2024 00:33:55.058 GMT-0700,0.59724,0.5971500000000001,1200000.0477,1200000.0477
28.10.2024 00:33:55.161 GMT-0700,0.5972500000000001,0.59717,1200000.0477,1200000.0477
28.10.2024 00:33:55.465 GMT-0700,0.5972500000000001,0.59718,1799999.9523,1200000.0477
28.10.2024 00:33:55.567 GMT-0700,0.5972500000000001,0.59717,1200000.0477,1200000.0477
28.10.2024 00:33:55.669 GMT-0700,0.5972500000000001,0.59716,1200000.0477,1200000.0477
28.10.2024 00:33:56.576 GMT-0700,0.59724,0.59716,1200000.0477,1200000.0477
28.10.2024 00:34:09.957 GMT-0700,0.59723,0.59712,1200000.0477,1200000.0477
28.10.2024 00:34:24.951 GMT-0700,0.59724,0.59712,2250000,1799999.9523
28.10.2024 00:34:25.054 GMT-0700,0.59724,0.5971500000000001,1200000.0477,1200000.0477
28.10.2024 00:34:28.732 GMT-0700,0.59723,0.59713,1200000.0477,1200000.0477
28.10.2024 00:34:28.834 GMT-0700,0.59723,0.59712,1200000.0477,1200000.0477
28.10.2024 00:34:35.913 GMT-0700,0.59721,0.59712,1200000.0477,1200000.0477
28.10.2024 00:34:41.267 GMT-0700,0.5972000000000001,0.59712,1200000.0477,1200000.0477
28.10.2024 00:34:41.370 GMT-0700,0.59719,0.5971000000000001,1200000.0477,1200000.0477
28.10.2024 00:34:41.472 GMT-0700,0.59719,0.59708,1200000.0477,1799999.9523
28.10.2024 00:34:43.134 GMT-0700,0.59718,0.5971000000000001,1200000.0477,1200000.0477
28.10.2024 00:34:49.072 GMT-0700,0.5972000000000001,0.59712,1200000.0477,1200000.0477
28.10.2024 00:34:49.175 GMT-0700,0.59721,0.59712,1200000.0477,1200000.0477
28.10.2024 00:34:50.285 GMT-0700,0.59723,0.59712,2250000,1200000.0477
28.10.2024 00:34:52.254 GMT-0700,0.59722,0.59712,1350000.0238,1200000.0477
28.10.2024 00:34:52.558 GMT-0700,0.59723,0.59712,2700000.0477,1200000.0477
28.10.2024 00:34:52.960 GMT-0700,0.5972000000000001,0.59713,1200000.0477,1200000.0477
28.10.2024 00:34:53.215 GMT-0700,0.59722,0.59712,2700000.0477,1200000.0477
28.10.2024 00:34:55.485 GMT-0700,0.59719,0.59712,1200000.0477,1200000.0477
28.10.2024 00:34:55.587 GMT-0700,0.5972000000000001,0.59708,1799999.9523,2700000.0477
28.10.2024 00:34:56.396 GMT-0700,0.5972000000000001,0.59709,1200000.0477,1200000.0477
28.10.2024 00:34:58.010 GMT-0700,0.5972000000000001,0.59711,2700000.0477,1200000.0477
28.10.2024 00:34:58.112 GMT-0700,0.59721,0.59712,1200000.0477,1200000.0477
28.10.2024 00:34:58.416 GMT-0700,0.59722,0.59712,1799999.9523,1200000.0477
28.10.2024 00:34:58.467 GMT-0700,0.59724,0.59713,1200000.0477,1200000.0477
28.10.2024 00:34:58.570 GMT-0700,0.59724,0.5971500000000001,1200000.0477,1200000.0477
28.10.2024 00:35:08.514 GMT-0700,0.5972500000000001,0.5971500000000001,1799999.9523,1200000.0477
28.10.2024 00:35:08.620 GMT-0700,0.59724,0.59718,1200000.0477,1200000.0477
28.10.2024 00:35:08.723 GMT-0700,0.5972500000000001,0.59716,1200000.0477,1200000.0477
28.10.2024 00:35:10.691 GMT-0700,0.59727,0.59716,2700000.0477,1200000.0477
28.10.2024 00:35:10.793 GMT-0700,0.59727,0.59717,1200000.0477,1200000.0477
28.10.2024 00:35:14.271 GMT-0700,0.59728,0.59717,1799999.9523,1200000.0477
28.10.2024 00:35:14.375 GMT-0700,0.59729,0.59721,1200000.0477,1200000.0477
28.10.2024 00:35:14.477 GMT-0700,0.59729,0.5972000000000001,1200000.0477,1200000.0477
28.10.2024 00:35:16.189 GMT-0700,0.5973100000000001,0.5972000000000001,1799999.9523,1200000.0477
28.10.2024 00:35:16.291 GMT-0700,0.5973,0.59723,1200000.0477,1200000.0477
28.10.2024 00:35:24.599 GMT-0700,0.59732,0.59722,1799999.9523,1200000.0477
28.10.2024 00:35:24.709 GMT-0700,0.59734,0.59726,1799999.9523,1200000.0477
28.10.2024 00:35:24.914 GMT-0700,0.59734,0.59724,1200000.0477,1200000.0477
28.10.2024 00:35:25.371 GMT-0700,0.5973600000000001,0.5972500000000001,3599999.9046,1200000.0477
28.10.2024 00:35:25.422 GMT-0700,0.59734,0.5972500000000001,1200000.0477,1200000.0477
28.10.2024 00:35:25.524 GMT-0700,0.59734,0.59724,1200000.0477,1200000.0477
28.10.2024 00:35:26.436 GMT-0700,0.59734,0.59726,1200000.0477,1200000.0477
28.10.2024 00:35:28.912 GMT-0700,0.59734,0.5972500000000001,1200000.0477,1200000.0477
28.10.2024 00:35:29.015 GMT-0700,0.59733,0.59722,1200000.0477,1200000.0477
28.10.2024 00:35:30.076 GMT-0700,0.59735,0.59723,5849999.9046,1799999.9523
28.10.2024 00:35:30.178 GMT-0700,0.59734,0.59726,5849999.9046,1200000.0477
28.10.2024 00:35:32.194 GMT-0700,0.59732,0.59723,1200000.0477,1200000.0477
28.10.2024 00:35:32.552 GMT-0700,0.59732,0.5972500000000001,1200000.0477,1200000.0477
28.10.2024 00:35:39.976 GMT-0700,0.5973100000000001,0.59724,1200000.0477,1200000.0477
28.10.2024 00:35:40.685 GMT-0700,0.5973100000000001,0.59723,1200000.0477,1200000.0477
28.10.2024 00:35:42.208 GMT-0700,0.59732,0.59723,1200000.0477,1799999.9523
28.10.2024 00:35:42.310 GMT-0700,0.59733,0.59724,1200000.0477,1200000.0477
28.10.2024 00:35:43.774 GMT-0700,0.59733,0.5972500000000001,1200000.0477,1200000.0477
28.10.2024 00:35:50.223 GMT-0700,0.59734,0.5972500000000001,1200000.0477,1200000.0477
28.10.2024 00:35:51.149 GMT-0700,0.5973600000000001,0.5972500000000001,2700000.0477,1200000.0477
28.10.2024 00:35:51.200 GMT-0700,0.5973600000000001,0.59727,2700000.0477,1200000.0477
28.10.2024 00:36:27.290 GMT-0700,0.59734,0.59726,1200000.0477,1200000.0477
28.10.2024 00:36:27.392 GMT-0700,0.59733,0.5972500000000001,1200000.0477,1200000.0477
28.10.2024 00:36:28.253 GMT-0700,0.59733,0.59723,1200000.0477,1200000.0477
28.10.2024 00:36:28.356 GMT-0700,0.59732,0.59721,1200000.0477,1200000.0477
28.10.2024 00:36:28.459 GMT-0700,0.59732,0.59722,1200000.0477,1200000.0477
28.10.2024 00:36:31.187 GMT-0700,0.59733,0.59722,1799999.9523,1200000.0477
28.10.2024 00:36:33.764 GMT-0700,0.59733,0.59726,1799999.9523,1200000.0477
28.10.2024 00:36:33.815 GMT-0700,0.5973600000000001,0.5972500000000001,1200000.0477,1200000.0477
28.10.2024 00:36:33.918 GMT-0700,0.5973600000000001,0.59726,2700000.0477,1200000.0477
28.10.2024 00:36:34.121 GMT-0700,0.59734,0.59727,1200000.0477,1200000.0477
28.10.2024 00:36:34.526 GMT-0700,0.59735,0.59727,2700000.0477,1200000.0477
28.10.2024 00:36:36.144 GMT-0700,0.59735,0.59726,1200000.0477,1200000.0477
28.10.2024 00:36:40.782 GMT-0700,0.5973600000000001,0.59726,1200000.0477,1200000.0477
28.10.2024 00:36:43.166 GMT-0700,0.5973600000000001,0.59727,1200000.0477,1200000.0477
28.10.2024 00:36:46.648 GMT-0700,0.59735,0.59727,1200000.0477,1200000.0477
28.10.2024 00:36:46.750 GMT-0700,0.59734,0.59723,1200000.0477,1799999.9523
28.10.2024 00:36:46.852 GMT-0700,0.59732,0.59724,1200000.0477,1200000.0477
28.10.2024 00:36:47.005 GMT-0700,0.59733,0.5972500000000001,1200000.0477,1200000.0477
28.10.2024 00:36:47.259 GMT-0700,0.59733,0.59723,1200000.0477,1200000.0477
28.10.2024 00:36:48.417 GMT-0700,0.59734,0.5972500000000001,1799999.9523,1200000.0477
28.10.2024 00:36:49.223 GMT-0700,0.59734,0.59723,1200000.0477,1799999.9523
28.10.2024 00:36:50.481 GMT-0700,0.59733,0.59723,1200000.0477,1200000.0477
28.10.2024 00:36:52.492 GMT-0700,0.5973100000000001,0.59724,1200000.0477,1200000.0477
28.10.2024 00:36:52.594 GMT-0700,0.59732,0.59722,1200000.0477,1200000.0477
28.10.2024 00:36:53.202 GMT-0700,0.59733,0.59722,1200000.0477,1799999.9523
28.10.2024 00:36:53.253 GMT-0700,0.59734,0.5972500000000001,1200000.0477,1200000.0477
28.10.2024 00:36:53.356 GMT-0700,0.59733,0.5972500000000001,1200000.0477,1200000.0477
28.10.2024 00:36:53.761 GMT-0700,0.59734,0.59726,1200000.0477,1200000.0477
28.10.2024 00:36:58.242 GMT-0700,0.59733,0.59723,1200000.0477,1200000.0477
28.10.2024 00:36:58.346 GMT-0700,0.5973100000000001,0.59724,1200000.0477,1200000.0477
28.10.2024 00:36:58.448 GMT-0700,0.5973100000000001,0.5972500000000001,1200000.0477,1200000.0477
28.10.2024 00:37:00.114 GMT-0700,0.59735,0.59724,2700000.0477,1200000.0477
28.10.2024 00:37:00.216 GMT-0700,0.59735,0.59726,1200000.0477,1200000.0477
28.10.2024 00:37:00.671 GMT-0700,0.5973600000000001,0.59726,1799999.9523,1200000.0477
28.10.2024 00:37:01.882 GMT-0700,0.59738,0.59726,4500000,1799999.9523
28.10.2024 00:37:01.984 GMT-0700,0.59737,0.59726,1200000.0477,1200000.0477
28.10.2024 00:37:02.087 GMT-0700,0.59738,0.59728,1200000.0477,1200000.0477
28.10.2024 00:37:02.189 GMT-0700,0.59739,0.59728,1200000.0477,1200000.0477
28.10.2024 00:37:02.292 GMT-0700,0.59738,0.5973,1200000.0477,1200000.0477
28.10.2024 00:37:05.468 GMT-0700,0.59739,0.5973100000000001,1799999.9523,1200000.0477
28.10.2024 00:37:05.570 GMT-0700,0.5974,0.5973100000000001,1200000.0477,1200000.0477
28.10.2024 00:37:11.291 GMT-0700,0.59738,0.59732,1200000.0477,1200000.0477
28.10.2024 00:37:11.393 GMT-0700,0.59739,0.5973,1200000.0477,1200000.0477
28.10.2024 00:37:14.473 GMT-0700,0.5974,0.5973,1200000.0477,1200000.0477
28.10.2024 00:37:14.575 GMT-0700,0.5974,0.5973100000000001,1200000.0477,1200000.0477
28.10.2024 00:37:14.678 GMT-0700,0.5974,0.5973,1200000.0477,1200000.0477
28.10.2024 00:37:15.835 GMT-0700,0.5974100000000001,0.5973100000000001,1200000.0477,1200000.0477
28.10.2024 00:37:18.273 GMT-0700,0.5974200000000001,0.59732,1200000.0477,1200000.0477
28.10.2024 00:37:18.324 GMT-0700,0.59744,0.59732,1799999.9523,1799999.9523
28.10.2024 00:37:18.376 GMT-0700,0.59744,0.59735,1799999.9523,1200000.0477
28.10.2024 00:37:18.479 GMT-0700,0.5974200000000001,0.59732,1200000.0477,1200000.0477
28.10.2024 00:37:18.732 GMT-0700,0.5974200000000001,0.59733,1200000.0477,1200000.0477
28.10.2024 00:37:22.968 GMT-0700,0.5974100000000001,0.59732,1200000.0477,1200000.0477
28.10.2024 00:37:23.071 GMT-0700,0.5974100000000001,0.59733,1200000.0477,1200000.0477
28.10.2024 00:37:23.122 GMT-0700,0.59744,0.59733,1799999.9523,1200000.0477
28.10.2024 00:37:23.174 GMT-0700,0.59744,0.59735,1200000.0477,1200000.0477
28.10.2024 00:37:24.589 GMT-0700,0.59743,0.59735,1200000.0477,1200000.0477
28.10.2024 00:37:26.973 GMT-0700,0.5974200000000001,0.59733,1200000.0477,1200000.0477
28.10.2024 00:37:27.080 GMT-0700,0.5974200000000001,0.59732,1200000.0477,1200000.0477
28.10.2024 00:37:30.513 GMT-0700,0.5974100000000001,0.59732,1200000.0477,1200000.0477
28.10.2024 00:37:33.103 GMT-0700,0.5974200000000001,0.59732,1200000.0477,1200000.0477
28.10.2024 00:37:43.184 GMT-0700,0.59743,0.59732,1200000.0477,1200000.0477
28.10.2024 00:37:49.493 GMT-0700,0.5974200000000001,0.59732,1200000.0477,1200000.0477
28.10.2024 00:37:51.352 GMT-0700,0.59743,0.59732,1200000.0477,1200000.0477
28.10.2024 00:37:51.708 GMT-0700,0.5974200000000001,0.59732,1200000.0477,1200000.0477
28.10.2024 00:37:51.963 GMT-0700,0.59743,0.59732,1799999.9523,1200000.0477
28.10.2024 00:37:53.484 GMT-0700,0.59743,0.59734,1200000.0477,1200000.0477
28.10.2024 00:37:53.587 GMT-0700,0.59744,0.59735,1200000.0477,1200000.0477
28.10.2024 00:37:55.101 GMT-0700,0.59745,0.59735,2700000.0477,1200000.0477
28.10.2024 00:37:55.959 GMT-0700,0.59743,0.59735,1200000.0477,1200000.0477
28.10.2024 00:37:57.426 GMT-0700,0.59744,0.59735,1200000.0477,1200000.0477
28.10.2024 00:37:59.645 GMT-0700,0.5974200000000001,0.59733,1200000.0477,1200000.0477
28.10.2024 00:38:00.152 GMT-0700,0.59744,0.59733,1799999.9523,1200000.0477
28.10.2024 00:38:00.304 GMT-0700,0.59744,0.59734,1799999.9523,1200000.0477
28.10.2024 00:38:01.162 GMT-0700,0.5974200000000001,0.59733,1200000.0477,1200000.0477
28.10.2024 00:38:01.871 GMT-0700,0.5974200000000001,0.59732,1200000.0477,1200000.0477
28.10.2024 00:38:01.974 GMT-0700,0.5974100000000001,0.5973100000000001,1200000.0477,1200000.0477
28.10.2024 00:38:02.431 GMT-0700,0.5974,0.59733,1200000.0477,1200000.0477
28.10.2024 00:38:02.533 GMT-0700,0.5974200000000001,0.59732,1200000.0477,1200000.0477
28.10.2024 00:38:05.053 GMT-0700,0.59744,0.59733,2700000.0477,1200000.0477
28.10.2024 00:38:05.156 GMT-0700,0.59744,0.59735,1200000.0477,1200000.0477
28.10.2024 00:38:05.360 GMT-0700,0.59743,0.59735,1200000.0477,1200000.0477
