Local time,Ask,Bid,AskVolume,BidVolume
28.10.2024 00:00:00.061 GMT-0700,0.86865,0.86858,1200000.0477,1200000.0477
28.10.2024 00:00:00.166 GMT-0700,0.8686700000000002,0.86859,1200000.0477,1200000.0477
28.10.2024 00:00:00.269 GMT-0700,0.86868,0.8686,1200000.0477,1200000.0477
28.10.2024 00:00:01.540 GMT-0700,0.86868,0.8686200000000002,1200000.0477,1200000.0477
28.10.2024 00:00:01.593 GMT-0700,0.8687,0.8686200000000002,1200000.0477,1200000.0477
28.10.2024 00:00:01.697 GMT-0700,0.8687,0.8686100000000001,1799999.9523,1200000.0477
28.10.2024 00:00:01.799 GMT-0700,0.8687,0.8686200000000002,1200000.0477,1200000.0477
28.10.2024 00:00:01.952 GMT-0700,0.8687,0.8686100000000001,1799999.9523,1200000.0477
28.10.2024 00:00:02.259 GMT-0700,0.86868,0.8686,1200000.0477,1200000.0477
28.10.2024 00:00:02.310 GMT-0700,0.8686700000000002,0.86858,1200000.0477,1799999.9523
28.10.2024 00:00:02.413 GMT-0700,0.8686700000000002,0.86859,1200000.0477,1200000.0477
28.10.2024 00:00:03.231 GMT-0700,0.8686700000000002,0.86859,1200000.0477,1200000.0477
28.10.2024 00:00:03.283 GMT-0700,0.8686200000000002,0.86853,1200000.0477,5940000.0572
28.10.2024 00:00:03.336 GMT-0700,0.8686200000000002,0.86855,1200000.0477,1200000.0477
28.10.2024 00:00:03.490 GMT-0700,0.86859,0.86853,1200000.0477,1200000.0477
28.10.2024 00:00:03.543 GMT-0700,0.8686,0.86854,6389999.8665,1200000.0477
28.10.2024 00:00:03.595 GMT-0700,0.86859,0.8685200000000001,1200000.0477,1200000.0477
28.10.2024 00:00:03.853 GMT-0700,0.86859,0.8685,1889999.9857,1200000.0477
28.10.2024 00:00:04.464 GMT-0700,0.86858,0.8685,1200000.0477,1200000.0477
28.10.2024 00:00:05.124 GMT-0700,0.86859,0.8685,1889999.9857,1200000.0477
28.10.2024 00:00:05.228 GMT-0700,0.8686,0.8685100000000001,8270000.4578,1200000.0477
28.10.2024 00:00:09.174 GMT-0700,0.8686100000000001,0.8685100000000001,1200000.0477,1200000.0477
28.10.2024 00:00:09.278 GMT-0700,0.8686,0.86853,1200000.0477,1200000.0477
28.10.2024 00:00:09.380 GMT-0700,0.86863,0.8685200000000001,1200000.0477,1200000.0477
28.10.2024 00:00:09.481 GMT-0700,0.8686100000000001,0.86853,1200000.0477,1200000.0477
28.10.2024 00:00:11.000 GMT-0700,0.86863,0.8685600000000001,8270000.4578,1200000.0477
28.10.2024 00:00:11.103 GMT-0700,0.86863,0.86855,7369999.8856,1200000.0477
28.10.2024 00:00:11.206 GMT-0700,0.86865,0.8685700000000001,1200000.0477,1200000.0477
28.10.2024 00:00:11.309 GMT-0700,0.8686600000000001,0.8685700000000001,1200000.0477,1200000.0477
28.10.2024 00:00:11.412 GMT-0700,0.86865,0.8685700000000001,1200000.0477,1200000.0477
28.10.2024 00:00:15.393 GMT-0700,0.8686600000000001,0.86855,1200000.0477,1799999.9523
28.10.2024 00:00:18.023 GMT-0700,0.8686600000000001,0.8685700000000001,1889999.9857,1200000.0477
28.10.2024 00:00:18.178 GMT-0700,0.86863,0.8685700000000001,1200000.0477,1200000.0477
28.10.2024 00:00:18.230 GMT-0700,0.86863,0.86854,1799999.9523,1799999.9523
28.10.2024 00:00:18.739 GMT-0700,0.8686200000000002,0.86854,1200000.0477,1200000.0477
28.10.2024 00:00:18.841 GMT-0700,0.8686100000000001,0.86854,1200000.0477,1200000.0477
28.10.2024 00:00:18.995 GMT-0700,0.8686100000000001,0.86853,1200000.0477,1200000.0477
28.10.2024 00:00:21.572 GMT-0700,0.8686200000000002,0.86854,1200000.0477,1200000.0477
28.10.2024 00:00:21.623 GMT-0700,0.86864,0.86855,1889999.9857,1200000.0477
28.10.2024 00:00:30.410 GMT-0700,0.86863,0.86854,1200000.0477,1799999.9523
28.10.2024 00:00:31.330 GMT-0700,0.8686100000000001,0.86853,1799999.9523,1200000.0477
28.10.2024 00:00:31.434 GMT-0700,0.8686100000000001,0.8685200000000001,1799999.9523,1889999.9857
28.10.2024 00:00:31.536 GMT-0700,0.8686100000000001,0.86853,1200000.0477,1200000.0477
28.10.2024 00:00:31.639 GMT-0700,0.8686100000000001,0.8685200000000001,1200000.0477,1889999.9857
28.10.2024 00:00:31.844 GMT-0700,0.8685700000000001,0.8685200000000001,1200000.0477,1200000.0477
28.10.2024 00:00:31.896 GMT-0700,0.86858,0.8685,1799999.9523,1200000.0477
28.10.2024 00:00:31.999 GMT-0700,0.86859,0.8685,1799999.9523,1799999.9523
28.10.2024 00:00:34.579 GMT-0700,0.86858,0.8685,1799999.9523,1200000.0477
28.10.2024 00:00:36.747 GMT-0700,0.86859,0.8685,1799999.9523,1799999.9523
28.10.2024 00:00:40.985 GMT-0700,0.86858,0.8685,1200000.0477,1200000.0477
28.10.2024 00:00:44.926 GMT-0700,0.86858,0.86849,1799999.9523,1799999.9523
28.10.2024 00:00:45.632 GMT-0700,0.86858,0.8685,1200000.0477,1200000.0477
28.10.2024 00:00:48.864 GMT-0700,0.86854,0.86849,2250000,1200000.0477
28.10.2024 00:00:48.916 GMT-0700,0.8685200000000001,0.8684100000000001,1919999.9571,1440000.0572
28.10.2024 00:00:49.071 GMT-0700,0.86849,0.8684000000000001,1200000.0477,1320000.0525
28.10.2024 00:00:49.174 GMT-0700,0.8684799999999999,0.86839,1200000.0477,1200000.0477
28.10.2024 00:00:50.859 GMT-0700,0.8684799999999999,0.86839,1200000.0477,4170000.0763
28.10.2024 00:00:51.034 GMT-0700,0.86849,0.8684000000000001,1200000.0477,1320000.0525
28.10.2024 00:00:51.847 GMT-0700,0.8685100000000001,0.8684200000000001,1799999.9523,2339999.9142
28.10.2024 00:00:51.950 GMT-0700,0.8685200000000001,0.8684299999999999,8270000.4578,1350000.0238
28.10.2024 00:00:52.204 GMT-0700,0.8685100000000001,0.8684200000000001,1200000.0477,1200000.0477
28.10.2024 00:00:56.900 GMT-0700,0.86854,0.8684299999999999,1889999.9857,1200000.0477
28.10.2024 00:00:57.004 GMT-0700,0.8685100000000001,0.8684299999999999,1200000.0477,1200000.0477
28.10.2024 00:00:57.107 GMT-0700,0.8685100000000001,0.8684200000000001,1799999.9523,1200000.0477
28.10.2024 00:01:00.296 GMT-0700,0.8685,0.8684200000000001,1200000.0477,1200000.0477
28.10.2024 00:01:00.399 GMT-0700,0.8685100000000001,0.8684100000000001,1889999.9857,1200000.0477
28.10.2024 00:01:03.090 GMT-0700,0.8685100000000001,0.8684100000000001,1200000.0477,1320000.0525
28.10.2024 00:01:04.658 GMT-0700,0.8685100000000001,0.8684100000000001,1200000.0477,1320000.0525
28.10.2024 00:01:04.761 GMT-0700,0.8685200000000001,0.8684299999999999,1200000.0477,1320000.0525
28.10.2024 00:01:04.866 GMT-0700,0.86854,0.86844,1320000.0525,1200000.0477
28.10.2024 00:01:05.072 GMT-0700,0.86854,0.86845,1889999.9857,1200000.0477
28.10.2024 00:01:10.678 GMT-0700,0.86853,0.86844,1799999.9523,1200000.0477
28.10.2024 00:01:10.832 GMT-0700,0.86853,0.86844,2819999.9332,1200000.0477
28.10.2024 00:01:11.239 GMT-0700,0.86853,0.86844,2789999.9619,1200000.0477
28.10.2024 00:01:14.728 GMT-0700,0.86854,0.8684700000000001,1200000.0477,1950000.0477
28.10.2024 00:01:14.781 GMT-0700,0.86854,0.8684600000000001,1200000.0477,1320000.0525
28.10.2024 00:01:14.833 GMT-0700,0.8685600000000001,0.8684700000000001,1200000.0477,1200000.0477
28.10.2024 00:01:15.594 GMT-0700,0.8685700000000001,0.86849,1200000.0477,4320000.1717
28.10.2024 00:01:15.646 GMT-0700,0.86859,0.8685,8270000.4578,1200000.0477
28.10.2024 00:01:17.527 GMT-0700,0.86858,0.86849,1200000.0477,2369999.8856
28.10.2024 00:01:17.631 GMT-0700,0.86863,0.86854,1200000.0477,1200000.0477
28.10.2024 00:01:18.092 GMT-0700,0.8686200000000002,0.86853,1200000.0477,4170000.0763
28.10.2024 00:01:18.195 GMT-0700,0.86865,0.8685600000000001,1200000.0477,1200000.0477
28.10.2024 00:01:18.652 GMT-0700,0.86864,0.8685600000000001,1320000.0525,1200000.0477
28.10.2024 00:01:18.704 GMT-0700,0.86863,0.86854,1200000.0477,1200000.0477
28.10.2024 00:01:24.512 GMT-0700,0.86864,0.86855,1200000.0477,1889999.9857
28.10.2024 00:01:24.615 GMT-0700,0.8686600000000001,0.8685700000000001,1799999.9523,1200000.0477
28.10.2024 00:01:25.882 GMT-0700,0.8686700000000002,0.8685700000000001,1200000.0477,1200000.0477
28.10.2024 00:01:25.985 GMT-0700,0.86868,0.8685700000000001,1889999.9857,1200000.0477
28.10.2024 00:01:35.237 GMT-0700,0.86868,0.86859,1799999.9523,1200000.0477
28.10.2024 00:01:35.340 GMT-0700,0.86869,0.8686,1200000.0477,1200000.0477
28.10.2024 00:01:35.852 GMT-0700,0.8687,0.8686100000000001,1320000.0525,1200000.0477
28.10.2024 00:01:46.247 GMT-0700,0.8687100000000001,0.8686100000000001,1200000.0477,1320000.0525
28.10.2024 00:01:46.853 GMT-0700,0.8687200000000002,0.86863,1320000.0525,1200000.0477
28.10.2024 00:01:48.570 GMT-0700,0.8687100000000001,0.8686100000000001,1200000.0477,1320000.0525
28.10.2024 00:01:51.202 GMT-0700,0.86873,0.8686100000000001,1320000.0525,1200000.0477
28.10.2024 00:01:51.555 GMT-0700,0.8687200000000002,0.8686200000000002,1200000.0477,1200000.0477
28.10.2024 00:01:52.266 GMT-0700,0.8687200000000002,0.86864,1200000.0477,1200000.0477
28.10.2024 00:01:52.368 GMT-0700,0.86874,0.86864,1320000.0525,1200000.0477
28.10.2024 00:01:56.257 GMT-0700,0.86874,0.86865,1320000.0525,1200000.0477
28.10.2024 00:01:59.034 GMT-0700,0.86873,0.86864,1200000.0477,1320000.0525
28.10.2024 00:01:59.641 GMT-0700,0.8687100000000001,0.86864,1320000.0525,1200000.0477
28.10.2024 00:01:59.745 GMT-0700,0.8686700000000002,0.8685600000000001,1200000.0477,1919999.9571
28.10.2024 00:01:59.797 GMT-0700,0.86869,0.86858,1200000.0477,1200000.0477
28.10.2024 00:02:01.072 GMT-0700,0.86869,0.8686,1889999.9857,1200000.0477
28.10.2024 00:02:01.225 GMT-0700,0.86869,0.86859,1889999.9857,1200000.0477
28.10.2024 00:02:01.430 GMT-0700,0.86869,0.86859,1919999.9571,1200000.0477
28.10.2024 00:02:03.510 GMT-0700,0.86869,0.8686,1200000.0477,1200000.0477
28.10.2024 00:02:04.975 GMT-0700,0.8687,0.8686,1889999.9857,1200000.0477
28.10.2024 00:02:06.232 GMT-0700,0.86869,0.8686,1200000.0477,1200000.0477
28.10.2024 00:02:07.588 GMT-0700,0.86865,0.8686,1200000.0477,1200000.0477
28.10.2024 00:02:07.640 GMT-0700,0.86868,0.86859,1320000.0525,1200000.0477
28.10.2024 00:02:07.692 GMT-0700,0.8686700000000002,0.8685700000000001,2789999.9619,1200000.0477
28.10.2024 00:02:07.897 GMT-0700,0.86868,0.86859,7369999.8856,1200000.0477
28.10.2024 00:02:08.000 GMT-0700,0.86869,0.86859,1799999.9523,1200000.0477
28.10.2024 00:02:08.103 GMT-0700,0.86869,0.8686100000000001,1200000.0477,1200000.0477
28.10.2024 00:02:08.206 GMT-0700,0.8687100000000001,0.8686100000000001,4590000.1526,1200000.0477
28.10.2024 00:02:14.383 GMT-0700,0.8687100000000001,0.8686200000000002,1320000.0525,1200000.0477
28.10.2024 00:02:15.394 GMT-0700,0.8687100000000001,0.8686100000000001,1320000.0525,1200000.0477
28.10.2024 00:02:18.117 GMT-0700,0.8687200000000002,0.8686100000000001,3599999.9046,1200000.0477
28.10.2024 00:02:18.978 GMT-0700,0.8687200000000002,0.8686,1200000.0477,1200000.0477
28.10.2024 00:02:24.687 GMT-0700,0.8687,0.8686100000000001,1889999.9857,1200000.0477
28.10.2024 00:02:35.398 GMT-0700,0.86869,0.8686,2789999.9619,1799999.9523
28.10.2024 00:02:45.982 GMT-0700,0.86869,0.8686100000000001,1200000.0477,1200000.0477
28.10.2024 00:02:46.895 GMT-0700,0.86868,0.8686100000000001,1200000.0477,1200000.0477
28.10.2024 00:02:50.532 GMT-0700,0.86868,0.8686,1799999.9523,1200000.0477
28.10.2024 00:02:52.203 GMT-0700,0.86869,0.8686,1889999.9857,1200000.0477
28.10.2024 00:02:57.102 GMT-0700,0.86868,0.8686,1200000.0477,1200000.0477
28.10.2024 00:02:58.017 GMT-0700,0.86869,0.8686,1200000.0477,1200000.0477
28.10.2024 00:02:58.221 GMT-0700,0.86868,0.8686,1200000.0477,1200000.0477
28.10.2024 00:02:58.929 GMT-0700,0.8686700000000002,0.8686,1200000.0477,1200000.0477
28.10.2024 00:02:59.133 GMT-0700,0.86868,0.8686,1200000.0477,1200000.0477
28.10.2024 00:03:01.718 GMT-0700,0.8687,0.86859,1799999.9523,1200000.0477
28.10.2024 00:03:11.672 GMT-0700,0.86868,0.8686,1200000.0477,1200000.0477
28.10.2024 00:03:14.705 GMT-0700,0.86869,0.8686,1799999.9523,1200000.0477
28.10.2024 00:03:44.810 GMT-0700,0.86869,0.8686100000000001,1200000.0477,1320000.0525
28.10.2024 00:03:44.914 GMT-0700,0.8687100000000001,0.8686200000000002,1799999.9523,1200000.0477
28.10.2024 00:03:45.980 GMT-0700,0.8687,0.8686,1200000.0477,2789999.9619
28.10.2024 00:03:56.063 GMT-0700,0.86869,0.8686,1200000.0477,1320000.0525
28.10.2024 00:04:01.993 GMT-0700,0.86868,0.86859,1200000.0477,1200000.0477
28.10.2024 00:04:02.760 GMT-0700,0.8687,0.86858,2700000.0477,1200000.0477
28.10.2024 00:04:12.745 GMT-0700,0.86868,0.86859,1200000.0477,1200000.0477
28.10.2024 00:04:22.593 GMT-0700,0.8686600000000001,0.86858,1200000.0477,1200000.0477
28.10.2024 00:04:22.851 GMT-0700,0.8686600000000001,0.8685700000000001,1200000.0477,1200000.0477
28.10.2024 00:04:28.153 GMT-0700,0.8686700000000002,0.86858,1200000.0477,1200000.0477
28.10.2024 00:04:31.989 GMT-0700,0.8686600000000001,0.8685700000000001,1200000.0477,1200000.0477
28.10.2024 00:04:34.664 GMT-0700,0.86868,0.8686,7369999.8856,1200000.0477
28.10.2024 00:04:34.768 GMT-0700,0.8687,0.8686100000000001,1799999.9523,1200000.0477
28.10.2024 00:04:35.024 GMT-0700,0.86868,0.8686,1200000.0477,1200000.0477
28.10.2024 00:04:35.127 GMT-0700,0.86869,0.8686,1799999.9523,1200000.0477
28.10.2024 00:04:35.683 GMT-0700,0.86868,0.8686,1200000.0477,1200000.0477
28.10.2024 00:04:35.786 GMT-0700,0.86869,0.8686,1799999.9523,1200000.0477
28.10.2024 00:04:36.142 GMT-0700,0.86868,0.8686,1200000.0477,1200000.0477
28.10.2024 00:04:36.244 GMT-0700,0.8687,0.86859,1799999.9523,1200000.0477
28.10.2024 00:04:40.689 GMT-0700,0.86868,0.8686,1200000.0477,1200000.0477
28.10.2024 00:04:41.095 GMT-0700,0.86869,0.8686,1799999.9523,1200000.0477
28.10.2024 00:04:48.155 GMT-0700,0.8686700000000002,0.8686,1799999.9523,1200000.0477
28.10.2024 00:04:48.258 GMT-0700,0.8686700000000002,0.86858,1799999.9523,3609999.8951
28.10.2024 00:04:48.362 GMT-0700,0.8686600000000001,0.86858,1200000.0477,1200000.0477
28.10.2024 00:04:51.182 GMT-0700,0.8686600000000001,0.8685700000000001,1200000.0477,1200000.0477
28.10.2024 00:04:51.284 GMT-0700,0.8686600000000001,0.86858,1200000.0477,1200000.0477
28.10.2024 00:04:56.280 GMT-0700,0.86868,0.86859,1200000.0477,1200000.0477
28.10.2024 00:04:59.133 GMT-0700,0.8687,0.8686100000000001,1200000.0477,2700000.0477
28.10.2024 00:04:59.237 GMT-0700,0.8687,0.8686200000000002,1200000.0477,1440000.0572
28.10.2024 00:04:59.289 GMT-0700,0.8687200000000002,0.86863,1799999.9523,1799999.9523
28.10.2024 00:05:01.812 GMT-0700,0.86873,0.86864,1799999.9523,1200000.0477
28.10.2024 00:05:03.780 GMT-0700,0.86869,0.8686200000000002,1200000.0477,1799999.9523
28.10.2024 00:05:03.883 GMT-0700,0.8687100000000001,0.86863,1200000.0477,1200000.0477
28.10.2024 00:05:03.987 GMT-0700,0.8687200000000002,0.86863,1799999.9523,1799999.9523
28.10.2024 00:05:05.857 GMT-0700,0.8687200000000002,0.86864,1200000.0477,1200000.0477
28.10.2024 00:05:08.173 GMT-0700,0.86873,0.86864,1200000.0477,1200000.0477
28.10.2024 00:05:10.489 GMT-0700,0.86873,0.86865,1200000.0477,1200000.0477
28.10.2024 00:05:11.045 GMT-0700,0.86874,0.86868,1200000.0477,1200000.0477
28.10.2024 00:05:11.148 GMT-0700,0.86875,0.86868,7369999.8856,1200000.0477
28.10.2024 00:05:11.199 GMT-0700,0.86878,0.8687,1200000.0477,1200000.0477
28.10.2024 00:05:11.660 GMT-0700,0.86878,0.86869,1799999.9523,1200000.0477
28.10.2024 00:05:11.712 GMT-0700,0.86875,0.86869,1200000.0477,1200000.0477
28.10.2024 00:05:11.764 GMT-0700,0.86875,0.8686700000000002,1200000.0477,1200000.0477
28.10.2024 00:05:11.867 GMT-0700,0.86874,0.86865,1799999.9523,1799999.9523
28.10.2024 00:05:14.646 GMT-0700,0.8687200000000002,0.86864,1200000.0477,1200000.0477
28.10.2024 00:05:14.749 GMT-0700,0.86873,0.86864,2700000.0477,1799999.9523
28.10.2024 00:05:17.575 GMT-0700,0.86873,0.86865,1200000.0477,1200000.0477
28.10.2024 00:05:19.991 GMT-0700,0.86874,0.8686600000000001,1200000.0477,1200000.0477
28.10.2024 00:05:21.757 GMT-0700,0.86875,0.8686600000000001,1799999.9523,1799999.9523
28.10.2024 00:05:23.833 GMT-0700,0.86875,0.8686700000000002,1200000.0477,1200000.0477
28.10.2024 00:05:24.037 GMT-0700,0.8687600000000001,0.8686700000000002,1200000.0477,1200000.0477
28.10.2024 00:05:24.238 GMT-0700,0.86875,0.8686700000000002,1200000.0477,1200000.0477
28.10.2024 00:05:24.443 GMT-0700,0.8687700000000002,0.8686700000000002,1200000.0477,1799999.9523
28.10.2024 00:05:24.699 GMT-0700,0.86878,0.86869,1200000.0477,1799999.9523
28.10.2024 00:05:24.857 GMT-0700,0.86878,0.8687,1200000.0477,1200000.0477
28.10.2024 00:05:25.720 GMT-0700,0.86878,0.86869,1200000.0477,1799999.9523
28.10.2024 00:05:30.060 GMT-0700,0.86878,0.86868,1200000.0477,1200000.0477
28.10.2024 00:05:33.295 GMT-0700,0.8687700000000002,0.86868,1799999.9523,1799999.9523
28.10.2024 00:05:41.499 GMT-0700,0.8687700000000002,0.86869,1200000.0477,1200000.0477
28.10.2024 00:05:43.266 GMT-0700,0.8687700000000002,0.8687,1200000.0477,1200000.0477
28.10.2024 00:05:43.371 GMT-0700,0.8688,0.8687200000000002,7369999.8856,1799999.9523
28.10.2024 00:05:43.474 GMT-0700,0.8688100000000001,0.8687200000000002,1799999.9523,1799999.9523
28.10.2024 00:05:44.365 GMT-0700,0.8687700000000002,0.8687100000000001,1200000.0477,1200000.0477
28.10.2024 00:05:44.417 GMT-0700,0.86878,0.86869,1799999.9523,1799999.9523
28.10.2024 00:05:45.074 GMT-0700,0.8687700000000002,0.86868,1200000.0477,1799999.9523
28.10.2024 00:05:46.136 GMT-0700,0.8687600000000001,0.8686700000000002,1799999.9523,1799999.9523
28.10.2024 00:05:46.441 GMT-0700,0.8687700000000002,0.86868,1200000.0477,1799999.9523
28.10.2024 00:05:48.156 GMT-0700,0.86874,0.8686700000000002,1200000.0477,1799999.9523
28.10.2024 00:05:48.259 GMT-0700,0.86874,0.8686600000000001,1799999.9523,2710000.0381
28.10.2024 00:05:48.362 GMT-0700,0.86874,0.86865,1799999.9523,1799999.9523
28.10.2024 00:05:48.514 GMT-0700,0.86874,0.8686600000000001,1200000.0477,1200000.0477
28.10.2024 00:05:49.378 GMT-0700,0.86875,0.86864,1799999.9523,2700000.0477
28.10.2024 00:05:49.785 GMT-0700,0.86874,0.8686600000000001,1200000.0477,1200000.0477
28.10.2024 00:05:52.257 GMT-0700,0.86874,0.86865,1799999.9523,1799999.9523
28.10.2024 00:05:56.751 GMT-0700,0.8687200000000002,0.86865,1200000.0477,1200000.0477
28.10.2024 00:05:56.955 GMT-0700,0.86874,0.86869,1200000.0477,1200000.0477
28.10.2024 00:05:57.007 GMT-0700,0.8687700000000002,0.86869,8270000.4578,1200000.0477
28.10.2024 00:05:57.059 GMT-0700,0.86875,0.86868,1200000.0477,1200000.0477
28.10.2024 00:05:57.162 GMT-0700,0.86873,0.86864,1200000.0477,1320000.0525
28.10.2024 00:05:57.519 GMT-0700,0.8687,0.86863,1200000.0477,1200000.0477
28.10.2024 00:05:57.571 GMT-0700,0.8687200000000002,0.86864,1200000.0477,1200000.0477
28.10.2024 00:05:59.089 GMT-0700,0.8686600000000001,0.86858,1200000.0477,2700000.0477
28.10.2024 00:05:59.193 GMT-0700,0.8686600000000001,0.8685700000000001,1799999.9523,1200000.0477
28.10.2024 00:06:00.056 GMT-0700,0.86864,0.86855,1200000.0477,1200000.0477
28.10.2024 00:06:00.158 GMT-0700,0.86864,0.86855,1799999.9523,1200000.0477
28.10.2024 00:06:00.666 GMT-0700,0.86864,0.8685600000000001,1200000.0477,1200000.0477
28.10.2024 00:06:04.507 GMT-0700,0.86864,0.8685700000000001,1200000.0477,1200000.0477
28.10.2024 00:06:04.558 GMT-0700,0.8686600000000001,0.8685700000000001,1799999.9523,1200000.0477
28.10.2024 00:06:19.083 GMT-0700,0.8686700000000002,0.86858,1200000.0477,1200000.0477
28.10.2024 00:06:19.186 GMT-0700,0.86869,0.8686100000000001,1200000.0477,1200000.0477
28.10.2024 00:06:20.048 GMT-0700,0.8687,0.8686100000000001,1799999.9523,1320000.0525
28.10.2024 00:06:25.089 GMT-0700,0.8687,0.8686200000000002,1200000.0477,1200000.0477
28.10.2024 00:06:25.190 GMT-0700,0.8687,0.8686100000000001,1200000.0477,1320000.0525
28.10.2024 00:06:28.514 GMT-0700,0.8687200000000002,0.86864,1200000.0477,1200000.0477
28.10.2024 00:06:28.616 GMT-0700,0.86873,0.86864,1799999.9523,1200000.0477
28.10.2024 00:06:32.550 GMT-0700,0.8687100000000001,0.86863,1200000.0477,3240000.0095
28.10.2024 00:06:32.602 GMT-0700,0.86869,0.8686,1200000.0477,4510000.2289
28.10.2024 00:06:38.452 GMT-0700,0.86869,0.8686100000000001,1200000.0477,1200000.0477
28.10.2024 00:06:38.555 GMT-0700,0.86869,0.8686200000000002,1200000.0477,1200000.0477
28.10.2024 00:06:41.303 GMT-0700,0.86869,0.8686100000000001,1200000.0477,1320000.0525
28.10.2024 00:06:41.619 GMT-0700,0.8686600000000001,0.86859,1200000.0477,2710000.0381
28.10.2024 00:06:41.722 GMT-0700,0.8686600000000001,0.8685700000000001,1799999.9523,1200000.0477
28.10.2024 00:06:47.882 GMT-0700,0.86864,0.86855,1200000.0477,5409999.8474
28.10.2024 00:06:48.191 GMT-0700,0.8686200000000002,0.86854,1200000.0477,1200000.0477
28.10.2024 00:06:48.903 GMT-0700,0.8686100000000001,0.8685200000000001,1200000.0477,1320000.0525
28.10.2024 00:07:00.148 GMT-0700,0.8686200000000002,0.8685200000000001,1200000.0477,1799999.9523
28.10.2024 00:07:01.208 GMT-0700,0.86863,0.8685200000000001,1200000.0477,1200000.0477
28.10.2024 00:07:03.283 GMT-0700,0.8686100000000001,0.8685200000000001,1799999.9523,1799999.9523
28.10.2024 00:07:03.386 GMT-0700,0.8686200000000002,0.86853,1799999.9523,1200000.0477
28.10.2024 00:07:10.850 GMT-0700,0.8686200000000002,0.86854,1200000.0477,1200000.0477
28.10.2024 00:07:12.210 GMT-0700,0.86865,0.8685600000000001,8270000.4578,1799999.9523
28.10.2024 00:07:12.313 GMT-0700,0.8686600000000001,0.8685600000000001,4590000.1526,1200000.0477
28.10.2024 00:07:12.415 GMT-0700,0.86865,0.8685600000000001,1200000.0477,1200000.0477
28.10.2024 00:07:14.237 GMT-0700,0.86863,0.8685600000000001,1200000.0477,1200000.0477
28.10.2024 00:07:14.342 GMT-0700,0.8686200000000002,0.86853,2789999.9619,1200000.0477
28.10.2024 00:07:20.337 GMT-0700,0.86859,0.86853,1200000.0477,1200000.0477
28.10.2024 00:07:20.439 GMT-0700,0.86859,0.8685200000000001,1200000.0477,1200000.0477
28.10.2024 00:07:20.542 GMT-0700,0.8686,0.8685200000000001,1320000.0525,1200000.0477
28.10.2024 00:07:21.199 GMT-0700,0.86859,0.8685100000000001,1200000.0477,1200000.0477
28.10.2024 00:07:35.345 GMT-0700,0.86854,0.8685,1200000.0477,1200000.0477
28.10.2024 00:07:35.467 GMT-0700,0.86855,0.8684700000000001,1200000.0477,1200000.0477
28.10.2024 00:07:36.388 GMT-0700,0.86854,0.86845,1799999.9523,1200000.0477
28.10.2024 00:07:40.438 GMT-0700,0.86854,0.86844,1200000.0477,1200000.0477
28.10.2024 00:07:46.436 GMT-0700,0.8685600000000001,0.8684700000000001,1799999.9523,1200000.0477
28.10.2024 00:07:46.541 GMT-0700,0.8685700000000001,0.8684799999999999,9170000.0763,1200000.0477
28.10.2024 00:07:46.950 GMT-0700,0.86859,0.8685,1200000.0477,1799999.9523
28.10.2024 00:07:47.053 GMT-0700,0.86859,0.8685100000000001,1200000.0477,1200000.0477
28.10.2024 00:07:47.460 GMT-0700,0.86859,0.8685,1200000.0477,1799999.9523
28.10.2024 00:07:47.814 GMT-0700,0.86858,0.8685,1200000.0477,1200000.0477
28.10.2024 00:07:48.169 GMT-0700,0.86859,0.8684799999999999,1200000.0477,1799999.9523
28.10.2024 00:07:48.778 GMT-0700,0.8685700000000001,0.86849,1200000.0477,1200000.0477
28.10.2024 00:07:53.667 GMT-0700,0.8685700000000001,0.8685,1200000.0477,1200000.0477
28.10.2024 00:07:53.770 GMT-0700,0.8685700000000001,0.86849,1200000.0477,1200000.0477
28.10.2024 00:07:54.843 GMT-0700,0.8685700000000001,0.8685,1200000.0477,1200000.0477
28.10.2024 00:07:54.947 GMT-0700,0.8686,0.86853,1200000.0477,1200000.0477
28.10.2024 00:07:55.049 GMT-0700,0.8686200000000002,0.86853,1799999.9523,1799999.9523
28.10.2024 00:07:55.305 GMT-0700,0.86863,0.8685600000000001,1200000.0477,1200000.0477
28.10.2024 00:07:55.409 GMT-0700,0.86863,0.86855,1200000.0477,1200000.0477
28.10.2024 00:07:56.171 GMT-0700,0.86863,0.86854,1799999.9523,1799999.9523
28.10.2024 00:08:11.179 GMT-0700,0.86858,0.8685200000000001,1200000.0477,1200000.0477
28.10.2024 00:08:11.284 GMT-0700,0.8686,0.8685100000000001,1200000.0477,1200000.0477
28.10.2024 00:08:19.104 GMT-0700,0.8686,0.86853,1200000.0477,1200000.0477
28.10.2024 00:08:19.207 GMT-0700,0.86863,0.8685200000000001,1200000.0477,1799999.9523
28.10.2024 00:08:21.485 GMT-0700,0.8686200000000002,0.8685600000000001,1200000.0477,1200000.0477
28.10.2024 00:08:21.589 GMT-0700,0.8686600000000001,0.8685700000000001,1799999.9523,1799999.9523
28.10.2024 00:08:22.553 GMT-0700,0.86868,0.8685700000000001,1200000.0477,1200000.0477
28.10.2024 00:08:22.656 GMT-0700,0.86868,0.86858,9170000.0763,1200000.0477
28.10.2024 00:08:23.263 GMT-0700,0.8686700000000002,0.8685700000000001,1200000.0477,2700000.0477
28.10.2024 00:08:25.080 GMT-0700,0.86868,0.86859,1799999.9523,1200000.0477
28.10.2024 00:08:28.763 GMT-0700,0.8686700000000002,0.86858,1200000.0477,1200000.0477
28.10.2024 00:08:28.865 GMT-0700,0.86868,0.86859,1799999.9523,1200000.0477
28.10.2024 00:08:40.278 GMT-0700,0.8686700000000002,0.86858,1200000.0477,1200000.0477
28.10.2024 00:08:42.050 GMT-0700,0.8686600000000001,0.8685700000000001,1200000.0477,1200000.0477
28.10.2024 00:08:42.152 GMT-0700,0.8686600000000001,0.8685600000000001,1200000.0477,5500000
28.10.2024 00:08:45.428 GMT-0700,0.86864,0.86855,1200000.0477,3700000.0477
28.10.2024 00:08:48.158 GMT-0700,0.86863,0.86854,2700000.0477,1200000.0477
28.10.2024 00:08:48.261 GMT-0700,0.86863,0.8685200000000001,1200000.0477,3609999.8951
28.10.2024 00:08:48.566 GMT-0700,0.8686100000000001,0.8685200000000001,1200000.0477,1200000.0477
28.10.2024 00:08:51.299 GMT-0700,0.86863,0.86853,1799999.9523,1200000.0477
28.10.2024 00:08:54.524 GMT-0700,0.86864,0.86854,4500000,1200000.0477
28.10.2024 00:08:54.780 GMT-0700,0.86863,0.8685200000000001,1200000.0477,1200000.0477
28.10.2024 00:08:58.317 GMT-0700,0.8686100000000001,0.8685200000000001,1200000.0477,1799999.9523
28.10.2024 00:09:00.507 GMT-0700,0.8686,0.8685200000000001,1200000.0477,1200000.0477
28.10.2024 00:09:00.609 GMT-0700,0.8686100000000001,0.8685200000000001,1200000.0477,1200000.0477
28.10.2024 00:09:01.620 GMT-0700,0.8686,0.8685100000000001,1200000.0477,1799999.9523
28.10.2024 00:09:01.723 GMT-0700,0.8686,0.8685,1200000.0477,4599999.9046
28.10.2024 00:09:06.490 GMT-0700,0.8686,0.86849,1799999.9523,2789999.9619
28.10.2024 00:09:07.603 GMT-0700,0.8686,0.8685,1200000.0477,1200000.0477
28.10.2024 00:09:11.389 GMT-0700,0.8686,0.8685200000000001,1200000.0477,1200000.0477
28.10.2024 00:09:17.648 GMT-0700,0.8686100000000001,0.86853,1200000.0477,1200000.0477
28.10.2024 00:09:17.751 GMT-0700,0.86864,0.86853,2700000.0477,1799999.9523
28.10.2024 00:09:18.409 GMT-0700,0.86864,0.86854,2700000.0477,1200000.0477
28.10.2024 00:09:19.726 GMT-0700,0.8686100000000001,0.86854,1200000.0477,1200000.0477
28.10.2024 00:09:19.829 GMT-0700,0.8686100000000001,0.8685100000000001,1799999.9523,1200000.0477
28.10.2024 00:09:21.197 GMT-0700,0.8686100000000001,0.8685200000000001,1200000.0477,1200000.0477
28.10.2024 00:09:27.136 GMT-0700,0.8686100000000001,0.8685100000000001,1799999.9523,2700000.0477
28.10.2024 00:09:30.160 GMT-0700,0.8686100000000001,0.8685200000000001,1799999.9523,1200000.0477
28.10.2024 00:09:47.751 GMT-0700,0.86863,0.86853,1799999.9523,1200000.0477
28.10.2024 00:09:51.241 GMT-0700,0.86864,0.86854,2700000.0477,1200000.0477
28.10.2024 00:09:52.518 GMT-0700,0.86863,0.86853,1200000.0477,1200000.0477
28.10.2024 00:09:52.930 GMT-0700,0.8686200000000002,0.86853,1799999.9523,1200000.0477
28.10.2024 00:09:55.250 GMT-0700,0.86858,0.8685100000000001,1200000.0477,1799999.9523
28.10.2024 00:09:55.353 GMT-0700,0.86858,0.8685,1200000.0477,1200000.0477
28.10.2024 00:09:55.456 GMT-0700,0.86859,0.8685,1200000.0477,1799999.9523
28.10.2024 00:09:59.696 GMT-0700,0.86859,0.8685200000000001,1200000.0477,1200000.0477
28.10.2024 00:09:59.799 GMT-0700,0.8686,0.8685200000000001,1200000.0477,1200000.0477
28.10.2024 00:10:04.686 GMT-0700,0.86858,0.8685,1200000.0477,1200000.0477
28.10.2024 00:10:27.075 GMT-0700,0.86859,0.8685100000000001,1200000.0477,1799999.9523
28.10.2024 00:10:27.181 GMT-0700,0.8686100000000001,0.86853,1200000.0477,1200000.0477
28.10.2024 00:10:27.640 GMT-0700,0.8686200000000002,0.86854,1200000.0477,1200000.0477
28.10.2024 00:10:37.871 GMT-0700,0.86863,0.8685700000000001,1200000.0477,1200000.0477
28.10.2024 00:10:37.922 GMT-0700,0.86865,0.8685700000000001,7369999.8856,1799999.9523
28.10.2024 00:10:38.025 GMT-0700,0.8686600000000001,0.8685700000000001,2700000.0477,1799999.9523
28.10.2024 00:10:38.230 GMT-0700,0.8686600000000001,0.86858,1200000.0477,1200000.0477
28.10.2024 00:10:42.815 GMT-0700,0.8686200000000002,0.8685700000000001,1200000.0477,1200000.0477
28.10.2024 00:10:42.919 GMT-0700,0.8686200000000002,0.86854,1200000.0477,1200000.0477
28.10.2024 00:10:46.900 GMT-0700,0.8686200000000002,0.86853,1799999.9523,1200000.0477
28.10.2024 00:10:50.401 GMT-0700,0.86858,0.8685100000000001,1200000.0477,2700000.0477
28.10.2024 00:10:50.504 GMT-0700,0.86859,0.8685100000000001,1200000.0477,1200000.0477
28.10.2024 00:10:50.859 GMT-0700,0.86859,0.8685,1200000.0477,1799999.9523
28.10.2024 00:10:51.364 GMT-0700,0.8686,0.8685100000000001,1799999.9523,1200000.0477
28.10.2024 00:10:51.466 GMT-0700,0.8686,0.8685200000000001,1200000.0477,1200000.0477
28.10.2024 00:10:51.771 GMT-0700,0.8686100000000001,0.8685200000000001,1799999.9523,1200000.0477
28.10.2024 00:10:51.976 GMT-0700,0.86863,0.86853,11060000.4196,1799999.9523
28.10.2024 00:10:52.080 GMT-0700,0.8686200000000002,0.86853,1200000.0477,1799999.9523
28.10.2024 00:10:52.688 GMT-0700,0.8686100000000001,0.86853,1200000.0477,1200000.0477
28.10.2024 00:10:56.213 GMT-0700,0.86864,0.86854,1200000.0477,1200000.0477
28.10.2024 00:11:01.112 GMT-0700,0.86863,0.86854,1799999.9523,1799999.9523
28.10.2024 00:11:01.216 GMT-0700,0.86863,0.86855,1200000.0477,1200000.0477
28.10.2024 00:11:05.807 GMT-0700,0.86864,0.86855,1200000.0477,1799999.9523
28.10.2024 00:11:09.492 GMT-0700,0.86865,0.8685600000000001,2700000.0477,1200000.0477
28.10.2024 00:11:10.152 GMT-0700,0.8686600000000001,0.8685700000000001,2700000.0477,1799999.9523
28.10.2024 00:11:10.255 GMT-0700,0.8686600000000001,0.86858,1799999.9523,1200000.0477
28.10.2024 00:11:11.772 GMT-0700,0.8686700000000002,0.86858,1799999.9523,1799999.9523
28.10.2024 00:11:14.132 GMT-0700,0.8686600000000001,0.86858,1200000.0477,1200000.0477
28.10.2024 00:11:14.643 GMT-0700,0.86865,0.86858,1200000.0477,1200000.0477
28.10.2024 00:11:16.923 GMT-0700,0.86864,0.8685600000000001,1200000.0477,1200000.0477
28.10.2024 00:11:28.865 GMT-0700,0.86863,0.86855,1200000.0477,1200000.0477
28.10.2024 00:11:28.967 GMT-0700,0.86864,0.86855,2700000.0477,1799999.9523
28.10.2024 00:11:30.981 GMT-0700,0.86863,0.86855,1799999.9523,1200000.0477
28.10.2024 00:11:31.084 GMT-0700,0.86863,0.86854,2700000.0477,1799999.9523
28.10.2024 00:11:31.994 GMT-0700,0.8686200000000002,0.86854,1200000.0477,1200000.0477
28.10.2024 00:11:33.967 GMT-0700,0.8686100000000001,0.86853,1200000.0477,1200000.0477
28.10.2024 00:11:37.498 GMT-0700,0.86863,0.8685600000000001,1200000.0477,1200000.0477
28.10.2024 00:11:37.601 GMT-0700,0.86864,0.8685700000000001,1200000.0477,1200000.0477
28.10.2024 00:11:37.704 GMT-0700,0.86865,0.8685700000000001,1200000.0477,1200000.0477
28.10.2024 00:11:38.573 GMT-0700,0.8686600000000001,0.86855,2700000.0477,1200000.0477
28.10.2024 00:11:43.075 GMT-0700,0.86864,0.8685600000000001,1200000.0477,1200000.0477
28.10.2024 00:11:43.178 GMT-0700,0.86864,0.86855,1799999.9523,1799999.9523
28.10.2024 00:11:49.594 GMT-0700,0.86863,0.86855,1799999.9523,1200000.0477
28.10.2024 00:11:50.408 GMT-0700,0.86863,0.86854,2700000.0477,1799999.9523
28.10.2024 00:11:54.099 GMT-0700,0.8686200000000002,0.86853,2700000.0477,1799999.9523
28.10.2024 00:12:01.392 GMT-0700,0.86858,0.86853,1200000.0477,1200000.0477
28.10.2024 00:12:01.497 GMT-0700,0.8686,0.8685100000000001,1799999.9523,4510000.2289
28.10.2024 00:12:02.510 GMT-0700,0.86859,0.8685100000000001,1799999.9523,1200000.0477
28.10.2024 00:12:02.717 GMT-0700,0.8686,0.8685100000000001,2700000.0477,1799999.9523
28.10.2024 00:12:04.481 GMT-0700,0.86859,0.8685,1200000.0477,1200000.0477
28.10.2024 00:12:04.533 GMT-0700,0.8686,0.8685100000000001,1799999.9523,1200000.0477
28.10.2024 00:12:04.716 GMT-0700,0.86858,0.8685100000000001,1200000.0477,1200000.0477
28.10.2024 00:12:05.325 GMT-0700,0.86859,0.8685100000000001,1200000.0477,1200000.0477
28.10.2024 00:12:05.528 GMT-0700,0.86858,0.8685100000000001,1200000.0477,1200000.0477
28.10.2024 00:12:05.631 GMT-0700,0.86859,0.8685100000000001,1200000.0477,1200000.0477
28.10.2024 00:12:09.320 GMT-0700,0.8686,0.8685100000000001,1200000.0477,1799999.9523
28.10.2024 00:12:15.221 GMT-0700,0.86858,0.8685100000000001,1200000.0477,1200000.0477
28.10.2024 00:12:15.324 GMT-0700,0.86859,0.8685100000000001,1200000.0477,1200000.0477
28.10.2024 00:12:15.882 GMT-0700,0.86858,0.8685,1200000.0477,1200000.0477
28.10.2024 00:12:15.985 GMT-0700,0.86858,0.86849,1799999.9523,1799999.9523
28.10.2024 00:12:21.638 GMT-0700,0.8685700000000001,0.86849,1200000.0477,1200000.0477
28.10.2024 00:12:21.742 GMT-0700,0.86858,0.86849,1799999.9523,1799999.9523
28.10.2024 00:12:22.754 GMT-0700,0.86859,0.8685100000000001,1799999.9523,1200000.0477
28.10.2024 00:12:23.718 GMT-0700,0.86858,0.8685,1200000.0477,1200000.0477
28.10.2024 00:12:43.896 GMT-0700,0.86858,0.86849,1799999.9523,1799999.9523
28.10.2024 00:12:50.084 GMT-0700,0.86858,0.8685,1200000.0477,1200000.0477
28.10.2024 00:12:51.697 GMT-0700,0.86858,0.86849,1799999.9523,1200000.0477
28.10.2024 00:12:51.811 GMT-0700,0.86853,0.86845,1200000.0477,1200000.0477
28.10.2024 00:12:53.150 GMT-0700,0.8685100000000001,0.8684299999999999,1200000.0477,1200000.0477
28.10.2024 00:12:56.123 GMT-0700,0.8685,0.8684299999999999,1200000.0477,1200000.0477
28.10.2024 00:13:00.091 GMT-0700,0.86853,0.8684200000000001,1889999.9857,1799999.9523
28.10.2024 00:13:00.395 GMT-0700,0.8685200000000001,0.86844,1200000.0477,1200000.0477
28.10.2024 00:13:00.498 GMT-0700,0.86853,0.86844,1799999.9523,1799999.9523
28.10.2024 00:13:04.886 GMT-0700,0.86853,0.8684200000000001,1799999.9523,1799999.9523
28.10.2024 00:13:08.927 GMT-0700,0.8685100000000001,0.8684299999999999,1200000.0477,1200000.0477
28.10.2024 00:13:09.941 GMT-0700,0.8685100000000001,0.8684200000000001,1200000.0477,1200000.0477
28.10.2024 00:13:09.993 GMT-0700,0.86845,0.8683500000000001,1799999.9523,11409999.8474
28.10.2024 00:13:10.096 GMT-0700,0.8684299999999999,0.8683500000000001,1200000.0477,1200000.0477
28.10.2024 00:13:10.199 GMT-0700,0.8684200000000001,0.8683500000000001,1200000.0477,1200000.0477
28.10.2024 00:13:10.302 GMT-0700,0.8684299999999999,0.8683500000000001,1200000.0477,1200000.0477
28.10.2024 00:13:11.266 GMT-0700,0.8684299999999999,0.86834,1799999.9523,1799999.9523
28.10.2024 00:13:11.368 GMT-0700,0.8684200000000001,0.86834,1200000.0477,1200000.0477
28.10.2024 00:13:11.573 GMT-0700,0.8684200000000001,0.8683299999999999,1799999.9523,1200000.0477
28.10.2024 00:13:11.829 GMT-0700,0.8684200000000001,0.8683200000000001,2700000.0477,1799999.9523
28.10.2024 00:13:13.295 GMT-0700,0.8684000000000001,0.8683200000000001,1200000.0477,1200000.0477
28.10.2024 00:13:13.398 GMT-0700,0.8684100000000001,0.8683200000000001,1200000.0477,1799999.9523
28.10.2024 00:13:21.528 GMT-0700,0.8684100000000001,0.86834,1200000.0477,1200000.0477
28.10.2024 00:13:21.631 GMT-0700,0.8684299999999999,0.8683500000000001,1200000.0477,1200000.0477
28.10.2024 00:13:24.604 GMT-0700,0.86844,0.8683600000000001,1200000.0477,1200000.0477
28.10.2024 00:13:29.160 GMT-0700,0.86844,0.8683700000000001,1200000.0477,1200000.0477
28.10.2024 00:13:30.125 GMT-0700,0.86845,0.8683700000000001,1200000.0477,1200000.0477
28.10.2024 00:13:30.228 GMT-0700,0.8684299999999999,0.8683500000000001,1200000.0477,1200000.0477
28.10.2024 00:13:31.494 GMT-0700,0.8684200000000001,0.8683500000000001,1200000.0477,1200000.0477
28.10.2024 00:13:32.052 GMT-0700,0.8684299999999999,0.8683299999999999,1200000.0477,1200000.0477
28.10.2024 00:13:32.155 GMT-0700,0.8684100000000001,0.8683299999999999,1200000.0477,1200000.0477
28.10.2024 00:13:37.346 GMT-0700,0.8684200000000001,0.86831,1799999.9523,1200000.0477
28.10.2024 00:13:37.802 GMT-0700,0.8684100000000001,0.86834,1200000.0477,1200000.0477
28.10.2024 00:13:37.905 GMT-0700,0.8684200000000001,0.86834,1200000.0477,1200000.0477
28.10.2024 00:13:38.968 GMT-0700,0.8684100000000001,0.86834,1200000.0477,1200000.0477
28.10.2024 00:13:39.680 GMT-0700,0.8684100000000001,0.8683200000000001,1200000.0477,1200000.0477
28.10.2024 00:13:40.137 GMT-0700,0.8684100000000001,0.8683299999999999,1200000.0477,1200000.0477
28.10.2024 00:13:51.993 GMT-0700,0.8684200000000001,0.8683299999999999,1200000.0477,1799999.9523
28.10.2024 00:13:52.551 GMT-0700,0.8684100000000001,0.8683200000000001,1799999.9523,1200000.0477
28.10.2024 00:13:53.010 GMT-0700,0.8684299999999999,0.8683200000000001,1200000.0477,1799999.9523
28.10.2024 00:13:54.833 GMT-0700,0.8684100000000001,0.8683200000000001,1200000.0477,1200000.0477
28.10.2024 00:13:56.603 GMT-0700,0.8684200000000001,0.86834,1200000.0477,1799999.9523
28.10.2024 00:13:56.705 GMT-0700,0.8684299999999999,0.86834,1799999.9523,1799999.9523
28.10.2024 00:13:59.127 GMT-0700,0.8684299999999999,0.8683600000000001,1200000.0477,1200000.0477
28.10.2024 00:14:02.708 GMT-0700,0.8684200000000001,0.8683600000000001,1200000.0477,1200000.0477
28.10.2024 00:14:03.466 GMT-0700,0.8684299999999999,0.8683600000000001,1799999.9523,1200000.0477
28.10.2024 00:14:03.570 GMT-0700,0.86844,0.8683600000000001,1200000.0477,1799999.9523
28.10.2024 00:14:03.674 GMT-0700,0.8684700000000001,0.86839,1200000.0477,1200000.0477
28.10.2024 00:14:03.779 GMT-0700,0.86849,0.8684100000000001,1200000.0477,1200000.0477
28.10.2024 00:14:03.984 GMT-0700,0.8684799999999999,0.8684100000000001,1200000.0477,1200000.0477
28.10.2024 00:14:04.088 GMT-0700,0.86849,0.8684200000000001,1200000.0477,1200000.0477
28.10.2024 00:14:05.359 GMT-0700,0.8685,0.8684200000000001,2700000.0477,1200000.0477
28.10.2024 00:14:05.463 GMT-0700,0.8684799999999999,0.8684200000000001,1200000.0477,1200000.0477
28.10.2024 00:14:05.667 GMT-0700,0.86849,0.8684000000000001,1200000.0477,1200000.0477
28.10.2024 00:14:05.769 GMT-0700,0.8684799999999999,0.8684200000000001,1200000.0477,1200000.0477
28.10.2024 00:14:06.124 GMT-0700,0.8685100000000001,0.8684200000000001,2700000.0477,1200000.0477
28.10.2024 00:14:06.176 GMT-0700,0.8685100000000001,0.86844,1799999.9523,1200000.0477
28.10.2024 00:14:17.087 GMT-0700,0.8685,0.86844,1200000.0477,1200000.0477
28.10.2024 00:14:17.595 GMT-0700,0.8684700000000001,0.8684200000000001,1200000.0477,1200000.0477
28.10.2024 00:14:17.699 GMT-0700,0.8684700000000001,0.8684100000000001,1200000.0477,1200000.0477
28.10.2024 00:14:17.801 GMT-0700,0.8684799999999999,0.8684100000000001,1799999.9523,1200000.0477
28.10.2024 00:14:22.298 GMT-0700,0.8684700000000001,0.8683799999999999,1200000.0477,1200000.0477
28.10.2024 00:14:22.400 GMT-0700,0.8684600000000001,0.8683799999999999,1200000.0477,1200000.0477
28.10.2024 00:14:26.845 GMT-0700,0.8684600000000001,0.86839,1200000.0477,1200000.0477
28.10.2024 00:14:26.948 GMT-0700,0.8684700000000001,0.8684100000000001,1200000.0477,1200000.0477
28.10.2024 00:14:27.051 GMT-0700,0.8684799999999999,0.8684200000000001,1799999.9523,1200000.0477
28.10.2024 00:14:31.434 GMT-0700,0.8684799999999999,0.8684100000000001,1200000.0477,1200000.0477
28.10.2024 00:14:32.547 GMT-0700,0.8684799999999999,0.8684200000000001,1200000.0477,1200000.0477
28.10.2024 00:14:33.607 GMT-0700,0.8684700000000001,0.8684100000000001,1200000.0477,1200000.0477
28.10.2024 00:14:33.732 GMT-0700,0.8684799999999999,0.8684200000000001,1200000.0477,1200000.0477
28.10.2024 00:15:03.149 GMT-0700,0.8685100000000001,0.8684100000000001,1950000.0477,1200000.0477
28.10.2024 00:15:06.183 GMT-0700,0.86849,0.8684100000000001,1200000.0477,1320000.0525
28.10.2024 00:15:09.405 GMT-0700,0.8685,0.8684100000000001,1350000.0238,1200000.0477
28.10.2024 00:15:12.476 GMT-0700,0.8685100000000001,0.8684299999999999,1799999.9523,1320000.0525
28.10.2024 00:15:12.528 GMT-0700,0.8685100000000001,0.8684299999999999,1350000.0238,1320000.0525
28.10.2024 00:15:15.452 GMT-0700,0.8685100000000001,0.86844,1350000.0238,1200000.0477
28.10.2024 00:15:18.269 GMT-0700,0.8684700000000001,0.8684299999999999,1200000.0477,1200000.0477
28.10.2024 00:15:18.373 GMT-0700,0.8684799999999999,0.8684100000000001,1350000.0238,1200000.0477
28.10.2024 00:15:19.286 GMT-0700,0.8684799999999999,0.8684100000000001,1799999.9523,1200000.0477
28.10.2024 00:15:19.763 GMT-0700,0.8684799999999999,0.8684000000000001,1799999.9523,1200000.0477
28.10.2024 00:15:19.866 GMT-0700,0.8684700000000001,0.8684000000000001,1799999.9523,1200000.0477
28.10.2024 00:15:21.895 GMT-0700,0.8684700000000001,0.8684000000000001,1350000.0238,1200000.0477
28.10.2024 00:15:23.459 GMT-0700,0.86845,0.8683799999999999,1200000.0477,1200000.0477
28.10.2024 00:15:23.510 GMT-0700,0.8684799999999999,0.8683700000000001,2250000,1200000.0477
28.10.2024 00:15:23.562 GMT-0700,0.86845,0.8683799999999999,1200000.0477,1200000.0477
28.10.2024 00:15:23.664 GMT-0700,0.8684600000000001,0.8683799999999999,1350000.0238,1200000.0477
28.10.2024 00:15:25.230 GMT-0700,0.86845,0.8683799999999999,1350000.0238,1200000.0477
28.10.2024 00:15:26.499 GMT-0700,0.86844,0.8683700000000001,1350000.0238,1200000.0477
28.10.2024 00:15:26.603 GMT-0700,0.86845,0.8683700000000001,1350000.0238,1320000.0525
28.10.2024 00:15:31.348 GMT-0700,0.8684600000000001,0.8683799999999999,3299999.9523,1200000.0477
28.10.2024 00:15:31.450 GMT-0700,0.8684600000000001,0.8683799999999999,2400000.0954,1320000.0525
28.10.2024 00:15:32.362 GMT-0700,0.8684600000000001,0.8683799999999999,1350000.0238,1320000.0525
28.10.2024 00:15:33.373 GMT-0700,0.86844,0.8683799999999999,1200000.0477,1200000.0477
28.10.2024 00:15:33.477 GMT-0700,0.8684299999999999,0.86834,1799999.9523,1440000.0572
28.10.2024 00:15:34.492 GMT-0700,0.8684299999999999,0.86834,2400000.0954,1320000.0525
28.10.2024 00:15:36.461 GMT-0700,0.86844,0.8683299999999999,2250000,1320000.0525
28.10.2024 00:15:36.564 GMT-0700,0.86844,0.8683500000000001,1799999.9523,1320000.0525
28.10.2024 00:15:36.667 GMT-0700,0.86845,0.8683600000000001,3299999.9523,1200000.0477
28.10.2024 00:15:37.528 GMT-0700,0.86845,0.8683600000000001,2400000.0954,1200000.0477
28.10.2024 00:15:37.631 GMT-0700,0.86844,0.8683500000000001,1350000.0238,1320000.0525
28.10.2024 00:15:38.891 GMT-0700,0.86845,0.8683700000000001,2400000.0954,1200000.0477
28.10.2024 00:15:45.529 GMT-0700,0.8684600000000001,0.8683799999999999,1799999.9523,1200000.0477
28.10.2024 00:15:45.835 GMT-0700,0.86845,0.8683700000000001,1350000.0238,1200000.0477
28.10.2024 00:15:45.938 GMT-0700,0.86845,0.8683500000000001,1350000.0238,1200000.0477
28.10.2024 00:15:47.152 GMT-0700,0.8684299999999999,0.8683600000000001,1200000.0477,1200000.0477
28.10.2024 00:15:52.136 GMT-0700,0.86844,0.8683600000000001,1350000.0238,1200000.0477
28.10.2024 00:15:53.849 GMT-0700,0.86844,0.8683700000000001,1350000.0238,1200000.0477
28.10.2024 00:15:54.662 GMT-0700,0.8684600000000001,0.8683700000000001,1799999.9523,1200000.0477
28.10.2024 00:15:55.423 GMT-0700,0.8684799999999999,0.86839,3299999.9523,1320000.0525
28.10.2024 00:15:55.526 GMT-0700,0.8684799999999999,0.8684000000000001,1799999.9523,1200000.0477
28.10.2024 00:15:56.338 GMT-0700,0.8684700000000001,0.8683799999999999,3299999.9523,1200000.0477
28.10.2024 00:16:00.268 GMT-0700,0.86845,0.8683799999999999,1200000.0477,1320000.0525
28.10.2024 00:16:00.371 GMT-0700,0.8684700000000001,0.8683799999999999,2400000.0954,1320000.0525
28.10.2024 00:16:00.478 GMT-0700,0.8684799999999999,0.8684000000000001,1799999.9523,1200000.0477
28.10.2024 00:16:00.835 GMT-0700,0.8684799999999999,0.8684000000000001,1350000.0238,1320000.0525
28.10.2024 00:16:02.603 GMT-0700,0.8684600000000001,0.86839,1350000.0238,1200000.0477
28.10.2024 00:16:02.708 GMT-0700,0.8684700000000001,0.86839,1200000.0477,1320000.0525
28.10.2024 00:16:03.267 GMT-0700,0.8684700000000001,0.8684000000000001,1200000.0477,1200000.0477
28.10.2024 00:16:03.674 GMT-0700,0.86849,0.8684200000000001,1799999.9523,1200000.0477
28.10.2024 00:16:03.777 GMT-0700,0.86849,0.8684200000000001,1350000.0238,1200000.0477
28.10.2024 00:16:04.386 GMT-0700,0.8685100000000001,0.8684200000000001,1799999.9523,2819999.9332
28.10.2024 00:16:04.439 GMT-0700,0.8685100000000001,0.8684200000000001,1200000.0477,3420000.0763
28.10.2024 00:16:04.541 GMT-0700,0.86853,0.8684299999999999,1200000.0477,1200000.0477
28.10.2024 00:16:08.023 GMT-0700,0.86849,0.86844,1200000.0477,1200000.0477
28.10.2024 00:16:08.129 GMT-0700,0.86849,0.8684200000000001,1200000.0477,1200000.0477
28.10.2024 00:16:11.288 GMT-0700,0.8684799999999999,0.8684200000000001,1200000.0477,1200000.0477
28.10.2024 00:16:12.654 GMT-0700,0.8684799999999999,0.8684000000000001,1200000.0477,1200000.0477
28.10.2024 00:16:12.859 GMT-0700,0.8684799999999999,0.8684200000000001,1350000.0238,1200000.0477
28.10.2024 00:16:13.014 GMT-0700,0.86849,0.8684200000000001,1350000.0238,1200000.0477
28.10.2024 00:16:13.727 GMT-0700,0.8684799999999999,0.8684200000000001,1200000.0477,1200000.0477
28.10.2024 00:16:19.579 GMT-0700,0.8685,0.8684200000000001,1350000.0238,1320000.0525
28.10.2024 00:16:21.602 GMT-0700,0.86849,0.8684200000000001,1350000.0238,1200000.0477
28.10.2024 00:16:27.707 GMT-0700,0.8685,0.8684200000000001,1350000.0238,1320000.0525
28.10.2024 00:16:28.618 GMT-0700,0.8685,0.8684200000000001,1799999.9523,1200000.0477
28.10.2024 00:16:30.634 GMT-0700,0.8685,0.8684200000000001,1350000.0238,1200000.0477
28.10.2024 00:16:31.492 GMT-0700,0.8684799999999999,0.8684200000000001,1200000.0477,1200000.0477
28.10.2024 00:16:32.303 GMT-0700,0.86849,0.8684200000000001,1350000.0238,1200000.0477
28.10.2024 00:16:33.622 GMT-0700,0.8684700000000001,0.8684200000000001,1200000.0477,1200000.0477
28.10.2024 00:16:33.725 GMT-0700,0.8684799999999999,0.8684200000000001,1350000.0238,1200000.0477
28.10.2024 00:16:33.879 GMT-0700,0.8684799999999999,0.8684100000000001,1350000.0238,1200000.0477
28.10.2024 00:16:35.827 GMT-0700,0.8684799999999999,0.8684000000000001,1200000.0477,1320000.0525
28.10.2024 00:16:42.327 GMT-0700,0.8684600000000001,0.86839,2250000,1200000.0477
28.10.2024 00:16:42.430 GMT-0700,0.8684600000000001,0.8683700000000001,2250000,1320000.0525
28.10.2024 00:16:43.294 GMT-0700,0.86844,0.8683700000000001,1200000.0477,1320000.0525
28.10.2024 00:16:45.825 GMT-0700,0.8684600000000001,0.8683700000000001,2400000.0954,1320000.0525
28.10.2024 00:16:49.366 GMT-0700,0.8684600000000001,0.8683700000000001,2250000,1889999.9857
28.10.2024 00:16:55.316 GMT-0700,0.86845,0.8683700000000001,1200000.0477,1320000.0525
28.10.2024 00:16:58.646 GMT-0700,0.86845,0.8683600000000001,1200000.0477,3240000.0095
28.10.2024 00:16:58.749 GMT-0700,0.86844,0.8683600000000001,1200000.0477,1320000.0525
28.10.2024 00:16:59.838 GMT-0700,0.86845,0.8683600000000001,2250000,2789999.9619
28.10.2024 00:17:00.451 GMT-0700,0.8684299999999999,0.8683600000000001,1200000.0477,1799999.9523
28.10.2024 00:17:02.332 GMT-0700,0.8684200000000001,0.86834,1799999.9523,1200000.0477
28.10.2024 00:17:02.943 GMT-0700,0.8684299999999999,0.86834,1350000.0238,1889999.9857
28.10.2024 00:17:03.046 GMT-0700,0.8684200000000001,0.8683299999999999,1799999.9523,3240000.0095
28.10.2024 00:17:04.763 GMT-0700,0.8684299999999999,0.86834,1350000.0238,1889999.9857
28.10.2024 00:17:04.815 GMT-0700,0.8684299999999999,0.86834,1200000.0477,3269999.9809
28.10.2024 00:17:04.918 GMT-0700,0.86844,0.8683600000000001,1200000.0477,1320000.0525
28.10.2024 00:17:06.687 GMT-0700,0.86844,0.8683500000000001,2250000,1320000.0525
28.10.2024 00:17:06.840 GMT-0700,0.8684200000000001,0.8683500000000001,1200000.0477,1320000.0525
28.10.2024 00:17:09.723 GMT-0700,0.8684200000000001,0.8683299999999999,2250000,2369999.8856
28.10.2024 00:17:15.673 GMT-0700,0.8684100000000001,0.8683299999999999,1200000.0477,1440000.0572
28.10.2024 00:17:16.635 GMT-0700,0.8684299999999999,0.8683299999999999,1350000.0238,1320000.0525
28.10.2024 00:17:16.739 GMT-0700,0.8684200000000001,0.86834,1200000.0477,1320000.0525
28.10.2024 00:17:17.248 GMT-0700,0.8684299999999999,0.8683299999999999,1200000.0477,1320000.0525
28.10.2024 00:17:17.402 GMT-0700,0.8684200000000001,0.86834,1200000.0477,1320000.0525
28.10.2024 00:17:20.378 GMT-0700,0.8684200000000001,0.8683500000000001,1200000.0477,1320000.0525
28.10.2024 00:17:20.482 GMT-0700,0.86844,0.8683500000000001,1799999.9523,3269999.9809
28.10.2024 00:17:21.393 GMT-0700,0.86844,0.8683600000000001,1200000.0477,1320000.0525
28.10.2024 00:17:21.495 GMT-0700,0.86844,0.8683600000000001,1200000.0477,1320000.0525
28.10.2024 00:17:22.723 GMT-0700,0.86845,0.8683600000000001,1799999.9523,2369999.8856
28.10.2024 00:17:22.928 GMT-0700,0.86844,0.8683600000000001,1200000.0477,1320000.0525
28.10.2024 00:17:25.755 GMT-0700,0.86844,0.8683600000000001,1350000.0238,1320000.0525
28.10.2024 00:17:26.010 GMT-0700,0.86845,0.8683600000000001,2250000,2369999.8856
28.10.2024 00:17:26.164 GMT-0700,0.86844,0.8683600000000001,1200000.0477,1470000.0286
28.10.2024 00:17:33.584 GMT-0700,0.86844,0.8683700000000001,1200000.0477,1320000.0525
28.10.2024 00:17:33.688 GMT-0700,0.86844,0.8683700000000001,1200000.0477,1320000.0525
28.10.2024 00:17:34.145 GMT-0700,0.86844,0.8683500000000001,1799999.9523,3420000.0763
28.10.2024 00:17:34.248 GMT-0700,0.8684299999999999,0.8683500000000001,1200000.0477,2339999.9142
28.10.2024 00:17:34.352 GMT-0700,0.8684200000000001,0.8683299999999999,1799999.9523,1919999.9571
28.10.2024 00:17:37.580 GMT-0700,0.8684000000000001,0.8683299999999999,1200000.0477,1470000.0286
28.10.2024 00:17:41.614 GMT-0700,0.8684100000000001,0.86834,1200000.0477,1470000.0286
28.10.2024 00:17:43.489 GMT-0700,0.8684000000000001,0.8683299999999999,1200000.0477,1919999.9571
28.10.2024 00:17:45.361 GMT-0700,0.8684000000000001,0.8683299999999999,1200000.0477,1919999.9571
28.10.2024 00:17:45.465 GMT-0700,0.86839,0.86831,1200000.0477,4630000.1144
28.10.2024 00:17:45.567 GMT-0700,0.86839,0.8683000000000001,1200000.0477,1919999.9571
28.10.2024 00:17:46.374 GMT-0700,0.8683799999999999,0.86831,1200000.0477,1320000.0525
28.10.2024 00:17:46.477 GMT-0700,0.8683799999999999,0.86831,1200000.0477,1320000.0525
28.10.2024 00:17:50.125 GMT-0700,0.86839,0.86831,1200000.0477,1470000.0286
28.10.2024 00:17:50.734 GMT-0700,0.8684100000000001,0.8683000000000001,1200000.0477,2369999.8856
28.10.2024 00:17:50.886 GMT-0700,0.8684100000000001,0.8683200000000001,2250000,1320000.0525
28.10.2024 00:17:53.508 GMT-0700,0.8684000000000001,0.86831,1200000.0477,2369999.8856
28.10.2024 00:18:00.261 GMT-0700,0.8684100000000001,0.8683200000000001,2250000,1320000.0525
28.10.2024 00:18:12.310 GMT-0700,0.8684100000000001,0.8683200000000001,1200000.0477,2369999.8856
28.10.2024 00:18:16.896 GMT-0700,0.8684000000000001,0.8683200000000001,1350000.0238,1320000.0525
28.10.2024 00:18:18.383 GMT-0700,0.8684000000000001,0.8683299999999999,1200000.0477,1200000.0477
28.10.2024 00:18:19.397 GMT-0700,0.8684100000000001,0.8683299999999999,1350000.0238,1320000.0525
28.10.2024 00:18:21.113 GMT-0700,0.8684000000000001,0.8683299999999999,1200000.0477,1320000.0525
28.10.2024 00:18:26.161 GMT-0700,0.8684100000000001,0.8683299999999999,1350000.0238,1320000.0525
28.10.2024 00:18:28.231 GMT-0700,0.8684100000000001,0.8683299999999999,1200000.0477,1320000.0525
28.10.2024 00:18:28.435 GMT-0700,0.8684200000000001,0.8683200000000001,1200000.0477,1799999.9523
28.10.2024 00:18:30.961 GMT-0700,0.8684000000000001,0.8683299999999999,1200000.0477,1200000.0477
28.10.2024 00:18:31.318 GMT-0700,0.8684000000000001,0.8683200000000001,1200000.0477,1320000.0525
28.10.2024 00:18:34.494 GMT-0700,0.8684000000000001,0.8683299999999999,1200000.0477,1200000.0477
28.10.2024 00:18:34.851 GMT-0700,0.8684100000000001,0.86831,1200000.0477,1200000.0477
28.10.2024 00:18:34.953 GMT-0700,0.8683700000000001,0.86831,1200000.0477,1350000.0238
28.10.2024 00:18:35.056 GMT-0700,0.8683799999999999,0.8682799999999999,1200000.0477,2339999.9142
28.10.2024 00:18:35.159 GMT-0700,0.8683700000000001,0.86829,1200000.0477,2369999.8856
28.10.2024 00:18:35.967 GMT-0700,0.8683700000000001,0.86829,1200000.0477,2339999.9142
28.10.2024 00:18:37.984 GMT-0700,0.8684000000000001,0.86831,2400000.0954,1320000.0525
28.10.2024 00:18:38.036 GMT-0700,0.8684000000000001,0.86831,2250000,1320000.0525
28.10.2024 00:18:38.996 GMT-0700,0.8684000000000001,0.86831,1799999.9523,1320000.0525
28.10.2024 00:18:40.006 GMT-0700,0.8684000000000001,0.86831,1350000.0238,1320000.0525
28.10.2024 00:18:41.118 GMT-0700,0.8683700000000001,0.86831,1200000.0477,1200000.0477
28.10.2024 00:18:41.221 GMT-0700,0.86839,0.8683000000000001,1350000.0238,1320000.0525
28.10.2024 00:18:44.162 GMT-0700,0.8683799999999999,0.86829,1200000.0477,3240000.0095
28.10.2024 00:18:44.468 GMT-0700,0.8683600000000001,0.86829,1200000.0477,1200000.0477
28.10.2024 00:18:44.570 GMT-0700,0.8683600000000001,0.8682799999999999,1350000.0238,1799999.9523
28.10.2024 00:18:45.076 GMT-0700,0.8683500000000001,0.8682799999999999,1200000.0477,1200000.0477
28.10.2024 00:18:45.179 GMT-0700,0.8683500000000001,0.8682700000000001,1200000.0477,1200000.0477
28.10.2024 00:18:45.788 GMT-0700,0.8683600000000001,0.8682700000000001,1350000.0238,1799999.9523
28.10.2024 00:18:49.488 GMT-0700,0.86834,0.8682700000000001,1799999.9523,1350000.0238
28.10.2024 00:18:49.603 GMT-0700,0.86834,0.8682500000000001,1799999.9523,2400000.0954
28.10.2024 00:18:51.428 GMT-0700,0.8683500000000001,0.86826,1799999.9523,2700000.0477
28.10.2024 00:18:53.092 GMT-0700,0.8683500000000001,0.8682700000000001,1799999.9523,1200000.0477
28.10.2024 00:18:54.156 GMT-0700,0.8683500000000001,0.8682799999999999,1350000.0238,1200000.0477
28.10.2024 00:18:54.614 GMT-0700,0.8683600000000001,0.8682799999999999,1350000.0238,1200000.0477
28.10.2024 00:18:55.675 GMT-0700,0.8683700000000001,0.86826,1200000.0477,2250000
28.10.2024 00:18:56.943 GMT-0700,0.8683500000000001,0.8682700000000001,1200000.0477,1350000.0238
28.10.2024 00:18:57.300 GMT-0700,0.86834,0.8682700000000001,1200000.0477,1200000.0477
28.10.2024 00:18:57.506 GMT-0700,0.8683299999999999,0.8682500000000001,1799999.9523,1200000.0477
28.10.2024 00:18:57.609 GMT-0700,0.8683200000000001,0.8682200000000001,1350000.0238,1799999.9523
28.10.2024 00:18:58.222 GMT-0700,0.8683000000000001,0.86823,1200000.0477,1200000.0477
28.10.2024 00:18:58.325 GMT-0700,0.86829,0.86821,1200000.0477,1350000.0238
28.10.2024 00:18:58.682 GMT-0700,0.8683000000000001,0.86821,2339999.9142,1799999.9523
28.10.2024 00:18:58.785 GMT-0700,0.8683000000000001,0.86821,1919999.9571,1799999.9523
28.10.2024 00:18:59.090 GMT-0700,0.86829,0.8682000000000001,1350000.0238,1799999.9523
28.10.2024 00:19:00.657 GMT-0700,0.8682500000000001,0.86819,1200000.0477,1200000.0477
28.10.2024 00:19:00.760 GMT-0700,0.86826,0.86816,1799999.9523,1799999.9523
28.10.2024 00:19:00.863 GMT-0700,0.86826,0.86816,1440000.0572,2400000.0954
28.10.2024 00:19:00.965 GMT-0700,0.86826,0.86816,1919999.9571,1799999.9523
28.10.2024 00:19:01.120 GMT-0700,0.8682500000000001,0.86816,1799999.9523,1200000.0477
28.10.2024 00:19:03.099 GMT-0700,0.8682500000000001,0.86816,1350000.0238,1799999.9523
28.10.2024 00:19:03.304 GMT-0700,0.8682700000000001,0.86821,2400000.0954,1200000.0477
28.10.2024 00:19:03.407 GMT-0700,0.86831,0.86823,1799999.9523,1200000.0477
28.10.2024 00:19:04.374 GMT-0700,0.86831,0.86823,1440000.0572,1200000.0477
28.10.2024 00:19:05.484 GMT-0700,0.86831,0.8682200000000001,1440000.0572,1200000.0477
28.10.2024 00:19:12.803 GMT-0700,0.86829,0.8682000000000001,1200000.0477,1200000.0477
28.10.2024 00:19:12.907 GMT-0700,0.8682700000000001,0.8682000000000001,1350000.0238,1200000.0477
28.10.2024 00:19:13.009 GMT-0700,0.8682700000000001,0.86819,1200000.0477,1200000.0477
28.10.2024 00:19:13.214 GMT-0700,0.8682700000000001,0.86818,1200000.0477,3150000.0954
28.10.2024 00:19:13.419 GMT-0700,0.8682700000000001,0.86819,1200000.0477,1200000.0477
28.10.2024 00:19:14.077 GMT-0700,0.8682700000000001,0.86818,1200000.0477,3150000.0954
28.10.2024 00:19:14.489 GMT-0700,0.86826,0.86818,1200000.0477,1350000.0238
28.10.2024 00:19:14.695 GMT-0700,0.8682700000000001,0.86818,1350000.0238,3150000.0954
28.10.2024 00:19:16.677 GMT-0700,0.8682700000000001,0.86819,1350000.0238,1200000.0477
28.10.2024 00:19:18.708 GMT-0700,0.8682799999999999,0.8682000000000001,1799999.9523,1200000.0477
28.10.2024 00:19:18.811 GMT-0700,0.8682799999999999,0.8682000000000001,1350000.0238,1200000.0477
28.10.2024 00:19:18.914 GMT-0700,0.8682700000000001,0.86819,1799999.9523,1200000.0477
28.10.2024 00:19:19.877 GMT-0700,0.8682700000000001,0.86819,1350000.0238,1200000.0477
28.10.2024 00:19:24.222 GMT-0700,0.86826,0.86819,1200000.0477,1799999.9523
28.10.2024 00:19:24.325 GMT-0700,0.8682700000000001,0.86819,1350000.0238,1200000.0477
28.10.2024 00:19:29.107 GMT-0700,0.8682700000000001,0.8682000000000001,1200000.0477,1200000.0477
28.10.2024 00:19:30.385 GMT-0700,0.8682700000000001,0.86819,1350000.0238,1200000.0477
28.10.2024 00:19:34.450 GMT-0700,0.86826,0.86819,1200000.0477,1200000.0477
28.10.2024 00:19:41.848 GMT-0700,0.86826,0.86818,1200000.0477,2250000
28.10.2024 00:19:42.050 GMT-0700,0.86826,0.86819,1200000.0477,1200000.0477
28.10.2024 00:19:42.202 GMT-0700,0.8682700000000001,0.8681700000000001,1200000.0477,1350000.0238
28.10.2024 00:19:42.708 GMT-0700,0.86826,0.8681700000000001,2250000,3150000.0954
28.10.2024 00:19:42.964 GMT-0700,0.86824,0.86816,1350000.0238,1200000.0477
28.10.2024 00:19:46.146 GMT-0700,0.86824,0.8681500000000001,2250000,2250000
28.10.2024 00:19:52.447 GMT-0700,0.86824,0.8681700000000001,1350000.0238,1200000.0477
28.10.2024 00:19:52.550 GMT-0700,0.86824,0.86816,1200000.0477,1889999.9857
28.10.2024 00:19:55.877 GMT-0700,0.86824,0.86816,1200000.0477,1919999.9571
28.10.2024 00:19:56.031 GMT-0700,0.86824,0.8681500000000001,1799999.9523,2369999.8856
28.10.2024 00:20:03.488 GMT-0700,0.8682700000000001,0.86818,1350000.0238,1320000.0525
28.10.2024 00:20:03.591 GMT-0700,0.8682799999999999,0.86818,1350000.0238,1200000.0477
28.10.2024 00:20:03.694 GMT-0700,0.8682500000000001,0.8681700000000001,1350000.0238,1889999.9857
28.10.2024 00:20:04.223 GMT-0700,0.86824,0.86816,1350000.0238,1320000.0525
28.10.2024 00:20:04.428 GMT-0700,0.8682500000000001,0.86814,1799999.9523,1919999.9571
28.10.2024 00:20:04.987 GMT-0700,0.8682200000000001,0.8681500000000001,1200000.0477,1320000.0525
28.10.2024 00:20:05.088 GMT-0700,0.8682200000000001,0.8681500000000001,1200000.0477,1320000.0525
28.10.2024 00:20:05.342 GMT-0700,0.86823,0.8681500000000001,1350000.0238,1320000.0525
28.10.2024 00:20:08.220 GMT-0700,0.86823,0.86816,1350000.0238,1320000.0525
28.10.2024 00:20:08.678 GMT-0700,0.86823,0.86816,1200000.0477,1470000.0286
28.10.2024 00:20:08.780 GMT-0700,0.86824,0.86818,1200000.0477,1320000.0525
28.10.2024 00:20:08.884 GMT-0700,0.8682700000000001,0.86818,2250000,1919999.9571
28.10.2024 00:20:09.191 GMT-0700,0.8682700000000001,0.86818,1799999.9523,2339999.9142
28.10.2024 00:20:10.354 GMT-0700,0.8682700000000001,0.86818,2250000,2369999.8856
28.10.2024 00:20:11.870 GMT-0700,0.86826,0.8681700000000001,1799999.9523,2369999.8856
28.10.2024 00:20:11.974 GMT-0700,0.86826,0.8681700000000001,2250000,1889999.9857
28.10.2024 00:20:12.732 GMT-0700,0.8682500000000001,0.8681700000000001,1200000.0477,1320000.0525
28.10.2024 00:20:13.190 GMT-0700,0.86823,0.86816,1200000.0477,1320000.0525
28.10.2024 00:20:17.432 GMT-0700,0.86824,0.86816,1200000.0477,1320000.0525
28.10.2024 00:20:17.585 GMT-0700,0.86823,0.86816,1200000.0477,1440000.0572
28.10.2024 00:20:17.841 GMT-0700,0.86823,0.86814,1799999.9523,2519999.9809
28.10.2024 00:20:20.213 GMT-0700,0.86824,0.86816,1200000.0477,1200000.0477
28.10.2024 00:20:20.265 GMT-0700,0.8682500000000001,0.8681700000000001,1200000.0477,1200000.0477
28.10.2024 00:20:20.823 GMT-0700,0.86826,0.86818,1350000.0238,1320000.0525
28.10.2024 00:20:21.028 GMT-0700,0.8682700000000001,0.86818,1799999.9523,2369999.8856
28.10.2024 00:20:39.084 GMT-0700,0.86826,0.86819,1200000.0477,1200000.0477
28.10.2024 00:20:39.188 GMT-0700,0.8682500000000001,0.86818,1200000.0477,1200000.0477
28.10.2024 00:20:40.408 GMT-0700,0.8682500000000001,0.86816,1799999.9523,3269999.9809
28.10.2024 00:20:42.374 GMT-0700,0.86824,0.8681500000000001,1799999.9523,2369999.8856
28.10.2024 00:20:44.287 GMT-0700,0.8682500000000001,0.86816,1200000.0477,2369999.8856
28.10.2024 00:20:44.390 GMT-0700,0.86826,0.8681500000000001,1200000.0477,2339999.9142
28.10.2024 00:20:44.844 GMT-0700,0.86826,0.8681700000000001,2250000,1200000.0477
28.10.2024 00:20:45.754 GMT-0700,0.86826,0.86818,1350000.0238,1200000.0477
28.10.2024 00:20:47.319 GMT-0700,0.86826,0.8681700000000001,2250000,1440000.0572
28.10.2024 00:20:47.422 GMT-0700,0.86826,0.86818,1350000.0238,1200000.0477
28.10.2024 00:20:50.098 GMT-0700,0.8682700000000001,0.86819,1799999.9523,1200000.0477
28.10.2024 00:20:50.201 GMT-0700,0.8682700000000001,0.86818,1799999.9523,2339999.9142
28.10.2024 00:20:50.406 GMT-0700,0.8682700000000001,0.86819,1200000.0477,1200000.0477
28.10.2024 00:20:56.068 GMT-0700,0.8682799999999999,0.8681700000000001,1799999.9523,1919999.9571
28.10.2024 00:20:56.171 GMT-0700,0.8682799999999999,0.86819,1799999.9523,1320000.0525
28.10.2024 00:20:56.930 GMT-0700,0.8682799999999999,0.8682000000000001,1799999.9523,1320000.0525
28.10.2024 00:20:57.033 GMT-0700,0.8682799999999999,0.8682000000000001,1350000.0238,1320000.0525
28.10.2024 00:21:00.212 GMT-0700,0.8683000000000001,0.86821,2400000.0954,1919999.9571
28.10.2024 00:21:00.317 GMT-0700,0.86831,0.86824,1200000.0477,1200000.0477
28.10.2024 00:21:01.078 GMT-0700,0.8683500000000001,0.8682500000000001,2849999.9046,1320000.0525
28.10.2024 00:21:01.182 GMT-0700,0.86834,0.8682799999999999,1350000.0238,1200000.0477
28.10.2024 00:21:01.286 GMT-0700,0.86834,0.86826,1350000.0238,1200000.0477
28.10.2024 00:21:02.812 GMT-0700,0.86834,0.8682700000000001,1350000.0238,1200000.0477
28.10.2024 00:21:04.635 GMT-0700,0.8683299999999999,0.8682700000000001,1350000.0238,1200000.0477
28.10.2024 00:21:05.043 GMT-0700,0.86834,0.8682700000000001,1350000.0238,1200000.0477
28.10.2024 00:21:10.547 GMT-0700,0.86834,0.86826,1200000.0477,1200000.0477
28.10.2024 00:21:16.330 GMT-0700,0.8683299999999999,0.86826,1350000.0238,1200000.0477
28.10.2024 00:21:18.915 GMT-0700,0.8683200000000001,0.86826,1200000.0477,1200000.0477
28.10.2024 00:21:20.176 GMT-0700,0.8683299999999999,0.86826,1350000.0238,1200000.0477
28.10.2024 00:21:20.381 GMT-0700,0.8683299999999999,0.8682700000000001,1200000.0477,1200000.0477
28.10.2024 00:21:22.101 GMT-0700,0.86834,0.8682700000000001,1350000.0238,1200000.0477
28.10.2024 00:21:36.204 GMT-0700,0.8683700000000001,0.8682799999999999,8869999.8856,1889999.9857
28.10.2024 00:21:36.307 GMT-0700,0.8683700000000001,0.86829,1799999.9523,1200000.0477
28.10.2024 00:21:40.902 GMT-0700,0.86839,0.86831,15619999.8856,1200000.0477
28.10.2024 00:21:40.954 GMT-0700,0.86839,0.86831,8720000.267,1200000.0477
28.10.2024 00:21:41.817 GMT-0700,0.8683799999999999,0.86831,1350000.0238,1200000.0477
28.10.2024 00:21:45.237 GMT-0700,0.86839,0.86831,1350000.0238,1200000.0477
28.10.2024 00:21:50.937 GMT-0700,0.86839,0.8683200000000001,1200000.0477,1200000.0477
28.10.2024 00:21:50.989 GMT-0700,0.8683600000000001,0.8683200000000001,1200000.0477,1200000.0477
28.10.2024 00:21:51.041 GMT-0700,0.8683600000000001,0.8683000000000001,1200000.0477,1200000.0477
28.10.2024 00:21:51.246 GMT-0700,0.8683600000000001,0.86829,1200000.0477,1200000.0477
28.10.2024 00:21:51.349 GMT-0700,0.8683600000000001,0.86829,1799999.9523,1200000.0477
28.10.2024 00:21:51.807 GMT-0700,0.8683299999999999,0.8682700000000001,1200000.0477,1200000.0477
28.10.2024 00:21:51.910 GMT-0700,0.8683299999999999,0.86826,1200000.0477,1200000.0477
28.10.2024 00:21:52.013 GMT-0700,0.8683299999999999,0.8682500000000001,1350000.0238,1200000.0477
28.10.2024 00:21:58.017 GMT-0700,0.86831,0.86824,1200000.0477,1200000.0477
28.10.2024 00:21:58.431 GMT-0700,0.86829,0.86823,1200000.0477,1200000.0477
28.10.2024 00:21:58.534 GMT-0700,0.86829,0.8682200000000001,1200000.0477,1200000.0477
28.10.2024 00:21:59.547 GMT-0700,0.86831,0.8682200000000001,1200000.0477,2339999.9142
28.10.2024 00:21:59.650 GMT-0700,0.86831,0.86823,1200000.0477,1200000.0477
28.10.2024 00:22:02.424 GMT-0700,0.86831,0.8682500000000001,1200000.0477,1200000.0477
28.10.2024 00:22:02.526 GMT-0700,0.86831,0.86824,1200000.0477,1200000.0477
28.10.2024 00:22:05.150 GMT-0700,0.8683200000000001,0.86824,1350000.0238,1200000.0477
28.10.2024 00:22:10.179 GMT-0700,0.8683200000000001,0.8682500000000001,1350000.0238,1200000.0477
28.10.2024 00:22:10.637 GMT-0700,0.8683000000000001,0.86824,1200000.0477,1200000.0477
28.10.2024 00:22:10.741 GMT-0700,0.8683000000000001,0.86823,1200000.0477,1200000.0477
28.10.2024 00:22:13.576 GMT-0700,0.86829,0.8682200000000001,1200000.0477,1200000.0477
28.10.2024 00:22:13.679 GMT-0700,0.86829,0.86819,1799999.9523,1200000.0477
28.10.2024 00:22:15.352 GMT-0700,0.8682700000000001,0.8682000000000001,4320000.1717,1200000.0477
28.10.2024 00:22:15.404 GMT-0700,0.8682700000000001,0.86818,4320000.1717,1200000.0477
28.10.2024 00:22:16.166 GMT-0700,0.8682500000000001,0.86818,1799999.9523,1200000.0477
28.10.2024 00:22:16.269 GMT-0700,0.8682799999999999,0.86818,12590000.1526,1200000.0477
28.10.2024 00:22:20.820 GMT-0700,0.8682700000000001,0.8681700000000001,1799999.9523,1200000.0477
28.10.2024 00:22:21.883 GMT-0700,0.8682700000000001,0.8681700000000001,1350000.0238,1200000.0477
28.10.2024 00:22:22.844 GMT-0700,0.86826,0.86818,1799999.9523,1200000.0477
28.10.2024 00:22:23.854 GMT-0700,0.86826,0.86818,1350000.0238,1200000.0477
28.10.2024 00:22:24.464 GMT-0700,0.8682700000000001,0.86818,1350000.0238,1200000.0477
28.10.2024 00:22:29.229 GMT-0700,0.8682700000000001,0.86818,1799999.9523,1200000.0477
28.10.2024 00:22:30.247 GMT-0700,0.8682799999999999,0.8681700000000001,1350000.0238,1200000.0477
28.10.2024 00:22:32.344 GMT-0700,0.8682700000000001,0.86818,5099999.9046,1200000.0477
28.10.2024 00:22:32.703 GMT-0700,0.8682700000000001,0.86818,1350000.0238,1200000.0477
28.10.2024 00:22:37.900 GMT-0700,0.86829,0.86819,9770000.4578,1200000.0477
28.10.2024 00:22:37.952 GMT-0700,0.86829,0.86819,9619999.8856,1350000.0238
28.10.2024 00:22:38.005 GMT-0700,0.86831,0.86821,2400000.0954,1200000.0477
28.10.2024 00:22:38.107 GMT-0700,0.86831,0.86821,2250000,1350000.0238
28.10.2024 00:22:38.568 GMT-0700,0.86831,0.86823,1350000.0238,1200000.0477
28.10.2024 00:22:41.597 GMT-0700,0.8683000000000001,0.86821,1799999.9523,1200000.0477
28.10.2024 00:22:41.702 GMT-0700,0.8683200000000001,0.8682000000000001,2250000,1350000.0238
28.10.2024 00:22:43.681 GMT-0700,0.86831,0.86821,1350000.0238,1799999.9523
28.10.2024 00:22:46.705 GMT-0700,0.8683299999999999,0.8682000000000001,2400000.0954,2250000
28.10.2024 00:22:48.623 GMT-0700,0.8683000000000001,0.86821,1350000.0238,1200000.0477
28.10.2024 00:22:49.638 GMT-0700,0.86831,0.8682000000000001,1799999.9523,1200000.0477
28.10.2024 00:22:51.220 GMT-0700,0.8682700000000001,0.86818,1350000.0238,5409999.8474
28.10.2024 00:22:55.061 GMT-0700,0.86829,0.86819,2400000.0954,1799999.9523
28.10.2024 00:22:55.165 GMT-0700,0.8683000000000001,0.8682000000000001,8720000.267,1350000.0238
28.10.2024 00:22:56.078 GMT-0700,0.8683000000000001,0.8682000000000001,1799999.9523,1350000.0238
28.10.2024 00:22:58.653 GMT-0700,0.8682799999999999,0.8682000000000001,2250000,1200000.0477
28.10.2024 00:22:58.705 GMT-0700,0.8682799999999999,0.86818,2250000,2250000
28.10.2024 00:22:59.668 GMT-0700,0.8682799999999999,0.86819,1350000.0238,1200000.0477
28.10.2024 00:22:59.771 GMT-0700,0.86829,0.8682000000000001,1350000.0238,1200000.0477
28.10.2024 00:23:00.128 GMT-0700,0.86829,0.86821,1350000.0238,1200000.0477
28.10.2024 00:23:01.546 GMT-0700,0.8683000000000001,0.86821,1350000.0238,1350000.0238
28.10.2024 00:23:02.159 GMT-0700,0.86831,0.86824,1200000.0477,1200000.0477
28.10.2024 00:23:10.033 GMT-0700,0.8683500000000001,0.86824,7820000.1717,1799999.9523
28.10.2024 00:23:10.136 GMT-0700,0.8683600000000001,0.8682700000000001,1350000.0238,1200000.0477
28.10.2024 00:23:12.358 GMT-0700,0.8683600000000001,0.8682799999999999,1350000.0238,1200000.0477
28.10.2024 00:23:12.613 GMT-0700,0.8683600000000001,0.86829,1350000.0238,1200000.0477
28.10.2024 00:23:15.462 GMT-0700,0.86839,0.8682799999999999,8869999.8856,1799999.9523
28.10.2024 00:23:15.667 GMT-0700,0.8683700000000001,0.8683000000000001,1200000.0477,1200000.0477
28.10.2024 00:23:16.172 GMT-0700,0.8683799999999999,0.8682799999999999,1200000.0477,1200000.0477
28.10.2024 00:23:28.640 GMT-0700,0.8683600000000001,0.86829,1200000.0477,1200000.0477
28.10.2024 00:23:30.564 GMT-0700,0.8683799999999999,0.86829,2400000.0954,1200000.0477
28.10.2024 00:23:30.668 GMT-0700,0.8683799999999999,0.86829,1440000.0572,1200000.0477
28.10.2024 00:23:36.419 GMT-0700,0.8684000000000001,0.86829,2250000,1200000.0477
28.10.2024 00:23:38.504 GMT-0700,0.86839,0.86831,1350000.0238,1200000.0477
28.10.2024 00:23:43.630 GMT-0700,0.86839,0.8683000000000001,1200000.0477,2250000
28.10.2024 00:23:45.095 GMT-0700,0.8683700000000001,0.8683000000000001,1200000.0477,2250000
28.10.2024 00:23:45.199 GMT-0700,0.8683600000000001,0.8682799999999999,1200000.0477,4510000.2289
28.10.2024 00:23:46.111 GMT-0700,0.8683500000000001,0.8682700000000001,1350000.0238,1799999.9523
28.10.2024 00:23:46.214 GMT-0700,0.8683500000000001,0.8682700000000001,1799999.9523,1799999.9523
28.10.2024 00:23:46.316 GMT-0700,0.8683500000000001,0.86826,1799999.9523,2700000.0477
28.10.2024 00:23:47.228 GMT-0700,0.8683600000000001,0.8682500000000001,1350000.0238,2700000.0477
28.10.2024 00:23:47.330 GMT-0700,0.8683500000000001,0.8682700000000001,1350000.0238,1200000.0477
28.10.2024 00:23:52.222 GMT-0700,0.8683600000000001,0.8682700000000001,1350000.0238,2700000.0477
28.10.2024 00:23:53.533 GMT-0700,0.8683600000000001,0.8682799999999999,1350000.0238,1200000.0477
28.10.2024 00:23:57.012 GMT-0700,0.8683799999999999,0.86829,8720000.267,2700000.0477
28.10.2024 00:23:57.115 GMT-0700,0.8683700000000001,0.86829,1200000.0477,1799999.9523
28.10.2024 00:23:57.219 GMT-0700,0.8683700000000001,0.8682799999999999,1799999.9523,3150000.0954
28.10.2024 00:23:57.474 GMT-0700,0.8683799999999999,0.8683000000000001,1350000.0238,1200000.0477
28.10.2024 00:23:57.984 GMT-0700,0.8683600000000001,0.86829,1350000.0238,1200000.0477
28.10.2024 00:23:58.189 GMT-0700,0.8683600000000001,0.8682799999999999,1350000.0238,1799999.9523
28.10.2024 00:23:58.904 GMT-0700,0.8683600000000001,0.8682700000000001,2250000,3150000.0954
28.10.2024 00:23:59.159 GMT-0700,0.8683600000000001,0.8682799999999999,1200000.0477,2250000
28.10.2024 00:24:00.169 GMT-0700,0.8683799999999999,0.8683000000000001,1350000.0238,1200000.0477
28.10.2024 00:24:00.476 GMT-0700,0.8683700000000001,0.86829,1200000.0477,1200000.0477
28.10.2024 00:24:00.579 GMT-0700,0.8683600000000001,0.86829,1200000.0477,1200000.0477
28.10.2024 00:24:03.158 GMT-0700,0.8683500000000001,0.8682700000000001,2250000,1200000.0477
28.10.2024 00:24:03.262 GMT-0700,0.8683500000000001,0.8682700000000001,2400000.0954,1200000.0477
28.10.2024 00:24:03.364 GMT-0700,0.8683500000000001,0.86826,2400000.0954,2700000.0477
28.10.2024 00:24:04.222 GMT-0700,0.8683299999999999,0.8682500000000001,1350000.0238,1799999.9523
28.10.2024 00:24:06.306 GMT-0700,0.8683500000000001,0.8682500000000001,2250000,1200000.0477
28.10.2024 00:24:07.867 GMT-0700,0.8683299999999999,0.8682500000000001,1200000.0477,1350000.0238
28.10.2024 00:24:07.970 GMT-0700,0.86834,0.8682500000000001,2700000.0477,2250000
28.10.2024 00:24:10.540 GMT-0700,0.86834,0.86826,2250000,1200000.0477
28.10.2024 00:24:10.745 GMT-0700,0.86834,0.8682700000000001,2250000,1200000.0477
28.10.2024 00:24:10.950 GMT-0700,0.86834,0.86826,2250000,1200000.0477
28.10.2024 00:24:11.153 GMT-0700,0.86834,0.8682700000000001,1350000.0238,1200000.0477
28.10.2024 00:24:12.119 GMT-0700,0.8683500000000001,0.8682799999999999,2250000,1200000.0477
28.10.2024 00:24:14.636 GMT-0700,0.8683600000000001,0.8682799999999999,1350000.0238,1200000.0477
28.10.2024 00:24:15.142 GMT-0700,0.8683600000000001,0.8682700000000001,1200000.0477,3150000.0954
28.10.2024 00:24:17.466 GMT-0700,0.86839,0.8682799999999999,3150000.0954,1200000.0477
28.10.2024 00:24:24.116 GMT-0700,0.8683799999999999,0.86831,1200000.0477,1200000.0477
28.10.2024 00:24:24.220 GMT-0700,0.86845,0.8683600000000001,2250000,1200000.0477
28.10.2024 00:24:24.324 GMT-0700,0.86845,0.8683600000000001,1799999.9523,2400000.0954
28.10.2024 00:24:25.085 GMT-0700,0.86845,0.8683799999999999,1200000.0477,1799999.9523
28.10.2024 00:24:25.290 GMT-0700,0.8684600000000001,0.8683600000000001,1200000.0477,2250000
28.10.2024 00:24:26.512 GMT-0700,0.8684600000000001,0.8683700000000001,1799999.9523,2250000
28.10.2024 00:24:27.983 GMT-0700,0.86845,0.8683799999999999,1350000.0238,1200000.0477
28.10.2024 00:24:28.086 GMT-0700,0.8684600000000001,0.8683500000000001,1799999.9523,2400000.0954
28.10.2024 00:24:42.994 GMT-0700,0.8684600000000001,0.8683799999999999,1350000.0238,1200000.0477
28.10.2024 00:24:43.097 GMT-0700,0.86845,0.8683700000000001,1200000.0477,1200000.0477
28.10.2024 00:24:50.313 GMT-0700,0.86844,0.8683700000000001,1200000.0477,1200000.0477
28.10.2024 00:24:52.184 GMT-0700,0.86845,0.8683700000000001,1350000.0238,1200000.0477
28.10.2024 00:24:56.785 GMT-0700,0.8684600000000001,0.8683500000000001,1200000.0477,3150000.0954
28.10.2024 00:24:57.998 GMT-0700,0.86844,0.8683600000000001,1320000.0525,1799999.9523
28.10.2024 00:24:58.102 GMT-0700,0.8684100000000001,0.8683500000000001,2250000,1200000.0477
28.10.2024 00:24:58.204 GMT-0700,0.8684200000000001,0.8683299999999999,2250000,1200000.0477
28.10.2024 00:24:58.408 GMT-0700,0.8684100000000001,0.8683299999999999,2250000,1200000.0477
28.10.2024 00:24:59.926 GMT-0700,0.8684100000000001,0.8683200000000001,2250000,2250000
28.10.2024 00:25:00.232 GMT-0700,0.8684100000000001,0.8683299999999999,1350000.0238,1200000.0477
28.10.2024 00:25:00.737 GMT-0700,0.8684100000000001,0.8683200000000001,2250000,2700000.0477
28.10.2024 00:25:00.892 GMT-0700,0.8684100000000001,0.8683299999999999,2250000,1200000.0477
28.10.2024 00:25:01.248 GMT-0700,0.8684100000000001,0.8683200000000001,2250000,1799999.9523
28.10.2024 00:25:02.010 GMT-0700,0.8684200000000001,0.8683299999999999,3299999.9523,1799999.9523
28.10.2024 00:25:02.164 GMT-0700,0.8684299999999999,0.8683299999999999,2400000.0954,1200000.0477
28.10.2024 00:25:02.317 GMT-0700,0.8684200000000001,0.86834,2250000,1200000.0477
28.10.2024 00:25:05.054 GMT-0700,0.8684299999999999,0.86834,2250000,2700000.0477
28.10.2024 00:25:05.157 GMT-0700,0.8684299999999999,0.8683500000000001,1200000.0477,1799999.9523
28.10.2024 00:25:05.766 GMT-0700,0.86844,0.8683600000000001,2250000,1200000.0477
28.10.2024 00:25:05.970 GMT-0700,0.86844,0.8683500000000001,1799999.9523,3150000.0954
28.10.2024 00:25:07.845 GMT-0700,0.86844,0.8683600000000001,2250000,1200000.0477
28.10.2024 00:25:10.414 GMT-0700,0.86845,0.8683799999999999,1799999.9523,1200000.0477
28.10.2024 00:25:14.742 GMT-0700,0.8684600000000001,0.8683600000000001,1799999.9523,1350000.0238
28.10.2024 00:25:16.104 GMT-0700,0.86845,0.8683799999999999,1799999.9523,1200000.0477
28.10.2024 00:25:24.300 GMT-0700,0.86845,0.86839,1200000.0477,1200000.0477
28.10.2024 00:25:25.156 GMT-0700,0.86845,0.8683799999999999,1200000.0477,1350000.0238
28.10.2024 00:25:26.165 GMT-0700,0.8684600000000001,0.8684000000000001,1200000.0477,1200000.0477
28.10.2024 00:25:26.270 GMT-0700,0.8684799999999999,0.8684000000000001,1200000.0477,1200000.0477
28.10.2024 00:25:29.801 GMT-0700,0.8684600000000001,0.86839,1200000.0477,1350000.0238
28.10.2024 00:25:29.904 GMT-0700,0.8684600000000001,0.8683799999999999,1799999.9523,1200000.0477
28.10.2024 00:25:33.246 GMT-0700,0.8684600000000001,0.86839,1200000.0477,1200000.0477
28.10.2024 00:25:33.957 GMT-0700,0.8684600000000001,0.8683799999999999,1200000.0477,1799999.9523
28.10.2024 00:25:40.901 GMT-0700,0.86845,0.8683799999999999,1200000.0477,1200000.0477
28.10.2024 00:25:43.233 GMT-0700,0.86844,0.8683700000000001,1200000.0477,1799999.9523
28.10.2024 00:25:43.337 GMT-0700,0.86844,0.8683700000000001,1799999.9523,1200000.0477
28.10.2024 00:25:43.444 GMT-0700,0.86844,0.8683500000000001,1799999.9523,1799999.9523
28.10.2024 00:25:44.252 GMT-0700,0.86844,0.8683500000000001,1350000.0238,1799999.9523
28.10.2024 00:25:45.362 GMT-0700,0.8684200000000001,0.8683500000000001,1350000.0238,1200000.0477
28.10.2024 00:25:45.566 GMT-0700,0.8684200000000001,0.86834,1350000.0238,1799999.9523
28.10.2024 00:25:47.888 GMT-0700,0.8684200000000001,0.8683500000000001,1200000.0477,1799999.9523
28.10.2024 00:25:49.857 GMT-0700,0.8684100000000001,0.86834,1200000.0477,1799999.9523
28.10.2024 00:25:49.960 GMT-0700,0.8684200000000001,0.8683200000000001,1350000.0238,1799999.9523
28.10.2024 00:25:50.670 GMT-0700,0.8684100000000001,0.86834,1200000.0477,1799999.9523
28.10.2024 00:25:53.901 GMT-0700,0.8684299999999999,0.8683299999999999,1350000.0238,1200000.0477
28.10.2024 00:25:54.412 GMT-0700,0.8684299999999999,0.8683500000000001,1350000.0238,1200000.0477
28.10.2024 00:26:00.178 GMT-0700,0.86844,0.8683600000000001,1350000.0238,1200000.0477
28.10.2024 00:26:00.282 GMT-0700,0.8684299999999999,0.8683600000000001,1200000.0477,1200000.0477
28.10.2024 00:26:00.386 GMT-0700,0.8684299999999999,0.8683500000000001,1200000.0477,1200000.0477
28.10.2024 00:26:12.467 GMT-0700,0.8684299999999999,0.8683600000000001,1350000.0238,1200000.0477
28.10.2024 00:26:12.570 GMT-0700,0.8684299999999999,0.8683500000000001,1799999.9523,1200000.0477
28.10.2024 00:26:12.672 GMT-0700,0.8684299999999999,0.86834,1799999.9523,1799999.9523
28.10.2024 00:26:13.481 GMT-0700,0.8684299999999999,0.86834,1350000.0238,2250000
28.10.2024 00:26:13.735 GMT-0700,0.8684299999999999,0.8683500000000001,1919999.9571,1200000.0477
28.10.2024 00:26:13.890 GMT-0700,0.8684200000000001,0.86834,1350000.0238,1200000.0477
28.10.2024 00:26:14.093 GMT-0700,0.8684200000000001,0.8683299999999999,1350000.0238,2700000.0477
28.10.2024 00:26:14.297 GMT-0700,0.8684299999999999,0.8683299999999999,1350000.0238,1200000.0477
28.10.2024 00:26:18.082 GMT-0700,0.8684200000000001,0.8683500000000001,1200000.0477,1200000.0477
28.10.2024 00:26:20.353 GMT-0700,0.8684299999999999,0.8683500000000001,1350000.0238,1200000.0477
28.10.2024 00:26:23.929 GMT-0700,0.86845,0.8683600000000001,2250000,1799999.9523
28.10.2024 00:26:24.342 GMT-0700,0.86845,0.8683799999999999,1350000.0238,1799999.9523
28.10.2024 00:26:24.446 GMT-0700,0.8684600000000001,0.8683799999999999,2400000.0954,1799999.9523
28.10.2024 00:26:24.498 GMT-0700,0.8684600000000001,0.8683799999999999,2250000,1200000.0477
28.10.2024 00:26:24.601 GMT-0700,0.8684600000000001,0.8683700000000001,1350000.0238,2250000
28.10.2024 00:26:28.086 GMT-0700,0.8684700000000001,0.8683799999999999,1350000.0238,1200000.0477
28.10.2024 00:26:28.291 GMT-0700,0.8684700000000001,0.8683799999999999,2400000.0954,1200000.0477
28.10.2024 00:26:28.396 GMT-0700,0.8684700000000001,0.8683700000000001,2400000.0954,2700000.0477
28.10.2024 00:26:29.308 GMT-0700,0.8684700000000001,0.8683700000000001,2400000.0954,2700000.0477
28.10.2024 00:26:34.843 GMT-0700,0.86845,0.8683700000000001,1200000.0477,1200000.0477
28.10.2024 00:26:34.946 GMT-0700,0.86844,0.8683600000000001,1799999.9523,1200000.0477
28.10.2024 00:26:35.049 GMT-0700,0.86844,0.8683500000000001,1799999.9523,1799999.9523
28.10.2024 00:26:36.933 GMT-0700,0.86844,0.8683500000000001,1350000.0238,1799999.9523
28.10.2024 00:26:41.528 GMT-0700,0.86844,0.8683500000000001,1799999.9523,1799999.9523
28.10.2024 00:26:41.642 GMT-0700,0.8684299999999999,0.8683500000000001,1799999.9523,1799999.9523
28.10.2024 00:26:44.068 GMT-0700,0.8684299999999999,0.8683500000000001,1350000.0238,1200000.0477
28.10.2024 00:26:45.131 GMT-0700,0.8684299999999999,0.86834,1350000.0238,1799999.9523
28.10.2024 00:26:46.086 GMT-0700,0.8684299999999999,0.86834,1799999.9523,1799999.9523
28.10.2024 00:26:47.093 GMT-0700,0.8684299999999999,0.86834,1350000.0238,1799999.9523
28.10.2024 00:26:53.086 GMT-0700,0.8684299999999999,0.86834,1799999.9523,1799999.9523
28.10.2024 00:26:54.098 GMT-0700,0.8684299999999999,0.86834,1350000.0238,1799999.9523
28.10.2024 00:26:56.111 GMT-0700,0.8684299999999999,0.86834,1799999.9523,1799999.9523
28.10.2024 00:27:04.154 GMT-0700,0.8684299999999999,0.86834,1350000.0238,1799999.9523
28.10.2024 00:27:25.872 GMT-0700,0.8684100000000001,0.86834,1200000.0477,1200000.0477
28.10.2024 00:27:31.381 GMT-0700,0.8684100000000001,0.8683299999999999,1200000.0477,1799999.9523
28.10.2024 00:27:42.928 GMT-0700,0.8684200000000001,0.8683200000000001,1799999.9523,1200000.0477
28.10.2024 00:27:44.338 GMT-0700,0.8684000000000001,0.8683200000000001,1350000.0238,1799999.9523
28.10.2024 00:27:49.930 GMT-0700,0.8684100000000001,0.8683200000000001,1200000.0477,1200000.0477
28.10.2024 00:27:50.186 GMT-0700,0.8684000000000001,0.8683200000000001,1200000.0477,2250000
28.10.2024 00:27:50.692 GMT-0700,0.8683799999999999,0.8683200000000001,1799999.9523,1350000.0238
28.10.2024 00:27:50.797 GMT-0700,0.86834,0.86826,1350000.0238,1799999.9523
28.10.2024 00:27:50.900 GMT-0700,0.8683500000000001,0.86826,1350000.0238,1799999.9523
28.10.2024 00:27:51.055 GMT-0700,0.8683200000000001,0.86826,1200000.0477,1200000.0477
28.10.2024 00:27:51.107 GMT-0700,0.8683200000000001,0.86823,2339999.9142,4510000.2289
28.10.2024 00:27:53.174 GMT-0700,0.86831,0.86823,1200000.0477,1200000.0477
28.10.2024 00:27:55.340 GMT-0700,0.8682799999999999,0.86823,1200000.0477,1200000.0477
28.10.2024 00:27:55.392 GMT-0700,0.86831,0.86823,1350000.0238,1200000.0477
28.10.2024 00:27:56.759 GMT-0700,0.8683000000000001,0.86823,1200000.0477,1200000.0477
28.10.2024 00:27:56.862 GMT-0700,0.86831,0.86823,1200000.0477,1200000.0477
28.10.2024 00:28:04.902 GMT-0700,0.86831,0.86824,1200000.0477,1200000.0477
28.10.2024 00:28:05.106 GMT-0700,0.86831,0.86823,1200000.0477,1350000.0238
28.10.2024 00:28:16.860 GMT-0700,0.86831,0.86824,1200000.0477,1200000.0477
28.10.2024 00:28:17.719 GMT-0700,0.8683200000000001,0.86824,1200000.0477,1350000.0238
28.10.2024 00:28:18.126 GMT-0700,0.8683200000000001,0.8682500000000001,1200000.0477,1200000.0477
28.10.2024 00:28:18.882 GMT-0700,0.8683299999999999,0.8682500000000001,1350000.0238,1799999.9523
28.10.2024 00:28:18.985 GMT-0700,0.8683500000000001,0.86826,1799999.9523,1799999.9523
28.10.2024 00:28:19.440 GMT-0700,0.86834,0.8682500000000001,1350000.0238,2250000
28.10.2024 00:28:28.877 GMT-0700,0.86831,0.86824,1200000.0477,2250000
28.10.2024 00:28:30.817 GMT-0700,0.86831,0.8682200000000001,1200000.0477,2250000
28.10.2024 00:28:32.932 GMT-0700,0.86831,0.8682200000000001,1200000.0477,2400000.0954
28.10.2024 00:28:33.892 GMT-0700,0.8683299999999999,0.86824,2400000.0954,1200000.0477
28.10.2024 00:28:33.996 GMT-0700,0.8683299999999999,0.86824,1350000.0238,2250000
28.10.2024 00:28:36.621 GMT-0700,0.8683299999999999,0.8682500000000001,2250000,1200000.0477
28.10.2024 00:28:36.826 GMT-0700,0.8683299999999999,0.86824,2250000,2250000
28.10.2024 00:28:41.071 GMT-0700,0.8683200000000001,0.86823,1799999.9523,2250000
28.10.2024 00:28:41.174 GMT-0700,0.86831,0.86823,1200000.0477,1350000.0238
28.10.2024 00:28:42.236 GMT-0700,0.8683299999999999,0.86824,2400000.0954,1200000.0477
28.10.2024 00:28:42.338 GMT-0700,0.8683299999999999,0.86824,2250000,1350000.0238
28.10.2024 00:28:49.900 GMT-0700,0.8683200000000001,0.86824,1200000.0477,1350000.0238
28.10.2024 00:28:50.609 GMT-0700,0.8683200000000001,0.86826,1200000.0477,1200000.0477
28.10.2024 00:28:57.954 GMT-0700,0.8683299999999999,0.86826,1200000.0477,1200000.0477
28.10.2024 00:29:00.171 GMT-0700,0.86834,0.8682700000000001,1350000.0238,1200000.0477
28.10.2024 00:29:00.376 GMT-0700,0.86834,0.86826,1200000.0477,1200000.0477
28.10.2024 00:29:00.682 GMT-0700,0.8683200000000001,0.86826,1200000.0477,1200000.0477
28.10.2024 00:29:00.785 GMT-0700,0.8683200000000001,0.8682500000000001,1200000.0477,1200000.0477
28.10.2024 00:29:07.232 GMT-0700,0.86834,0.86826,1799999.9523,1200000.0477
28.10.2024 00:29:07.791 GMT-0700,0.86834,0.86826,1350000.0238,1799999.9523
28.10.2024 00:29:09.716 GMT-0700,0.8683500000000001,0.86826,1350000.0238,1799999.9523
28.10.2024 00:29:09.818 GMT-0700,0.86834,0.86826,1200000.0477,1200000.0477
28.10.2024 00:29:16.074 GMT-0700,0.8683299999999999,0.86826,1200000.0477,1200000.0477
28.10.2024 00:29:18.396 GMT-0700,0.8683299999999999,0.8682500000000001,1350000.0238,1200000.0477
28.10.2024 00:29:27.927 GMT-0700,0.86834,0.86826,1200000.0477,1200000.0477
28.10.2024 00:29:28.032 GMT-0700,0.8683500000000001,0.86826,1350000.0238,1799999.9523
28.10.2024 00:29:28.238 GMT-0700,0.86834,0.86826,1200000.0477,1200000.0477
28.10.2024 00:29:30.108 GMT-0700,0.8683299999999999,0.86826,1200000.0477,1200000.0477
28.10.2024 00:29:30.262 GMT-0700,0.8683299999999999,0.8682500000000001,1350000.0238,1200000.0477
28.10.2024 00:29:30.364 GMT-0700,0.8683299999999999,0.86826,1350000.0238,1200000.0477
28.10.2024 00:29:32.482 GMT-0700,0.8683299999999999,0.8682500000000001,1200000.0477,1200000.0477
28.10.2024 00:29:32.585 GMT-0700,0.8683200000000001,0.8682500000000001,1200000.0477,1200000.0477
28.10.2024 00:29:32.739 GMT-0700,0.8683200000000001,0.86824,1200000.0477,1350000.0238
28.10.2024 00:29:41.060 GMT-0700,0.8683000000000001,0.86823,1320000.0525,1200000.0477
28.10.2024 00:29:41.113 GMT-0700,0.8682799999999999,0.8682000000000001,2490000.0095,2710000.0381
28.10.2024 00:29:41.165 GMT-0700,0.86826,0.86818,1200000.0477,1350000.0238
28.10.2024 00:29:41.268 GMT-0700,0.86826,0.8681700000000001,1350000.0238,1799999.9523
28.10.2024 00:29:44.452 GMT-0700,0.8682700000000001,0.86818,1200000.0477,2250000
28.10.2024 00:29:51.284 GMT-0700,0.86826,0.86818,1200000.0477,1350000.0238
28.10.2024 00:30:00.262 GMT-0700,0.8682799999999999,0.8682000000000001,2250000,1200000.0477
28.10.2024 00:30:00.768 GMT-0700,0.8682799999999999,0.86819,3150000.0954,2250000
28.10.2024 00:30:01.225 GMT-0700,0.8682700000000001,0.86819,1200000.0477,2250000
28.10.2024 00:30:01.329 GMT-0700,0.8682700000000001,0.8682000000000001,1200000.0477,1200000.0477
28.10.2024 00:30:03.206 GMT-0700,0.86824,0.86819,1200000.0477,1350000.0238
28.10.2024 00:30:03.313 GMT-0700,0.86824,0.86816,1200000.0477,1200000.0477
28.10.2024 00:30:03.418 GMT-0700,0.8682500000000001,0.86814,1200000.0477,2250000
28.10.2024 00:30:04.128 GMT-0700,0.8682200000000001,0.86814,1200000.0477,2400000.0954
28.10.2024 00:30:04.232 GMT-0700,0.8682200000000001,0.86814,1200000.0477,1350000.0238
28.10.2024 00:30:05.094 GMT-0700,0.86824,0.86814,2400000.0954,2250000
28.10.2024 00:30:05.196 GMT-0700,0.86824,0.86814,2250000,2250000
28.10.2024 00:30:05.503 GMT-0700,0.86824,0.86816,1200000.0477,1200000.0477
28.10.2024 00:30:05.605 GMT-0700,0.86823,0.86814,1200000.0477,2250000
28.10.2024 00:30:06.062 GMT-0700,0.86824,0.86816,1350000.0238,1200000.0477
28.10.2024 00:30:06.319 GMT-0700,0.8682500000000001,0.86816,2250000,1799999.9523
28.10.2024 00:30:07.380 GMT-0700,0.8682500000000001,0.8681700000000001,1350000.0238,1200000.0477
28.10.2024 00:30:07.482 GMT-0700,0.86826,0.8681500000000001,2250000,1799999.9523
28.10.2024 00:30:09.296 GMT-0700,0.8682500000000001,0.8681700000000001,1350000.0238,1200000.0477
28.10.2024 00:30:10.607 GMT-0700,0.8682700000000001,0.86818,3150000.0954,3150000.0954
28.10.2024 00:30:10.710 GMT-0700,0.86829,0.8682000000000001,1350000.0238,1200000.0477
28.10.2024 00:30:11.116 GMT-0700,0.86824,0.86819,1200000.0477,1350000.0238
28.10.2024 00:30:11.219 GMT-0700,0.8682500000000001,0.86816,1350000.0238,1799999.9523
28.10.2024 00:30:11.373 GMT-0700,0.86824,0.86816,1799999.9523,1200000.0477
28.10.2024 00:30:12.250 GMT-0700,0.86824,0.8681500000000001,1350000.0238,1200000.0477
28.10.2024 00:30:12.353 GMT-0700,0.86824,0.86814,2250000,2250000
28.10.2024 00:30:13.164 GMT-0700,0.86824,0.86814,2250000,2400000.0954
28.10.2024 00:30:14.122 GMT-0700,0.86824,0.86814,2250000,2250000
28.10.2024 00:30:16.191 GMT-0700,0.8682200000000001,0.86813,1799999.9523,3150000.0954
28.10.2024 00:30:17.202 GMT-0700,0.86823,0.8681200000000001,1799999.9523,2490000.0095
28.10.2024 00:30:22.748 GMT-0700,0.8682200000000001,0.86816,1200000.0477,1200000.0477
28.10.2024 00:30:22.801 GMT-0700,0.86824,0.86816,1200000.0477,1200000.0477
28.10.2024 00:30:23.666 GMT-0700,0.86823,0.86814,1200000.0477,5099999.9046
28.10.2024 00:30:23.769 GMT-0700,0.86823,0.86814,1200000.0477,3150000.0954
28.10.2024 00:30:24.435 GMT-0700,0.8682200000000001,0.86814,1200000.0477,1350000.0238
28.10.2024 00:30:25.144 GMT-0700,0.86823,0.86814,1350000.0238,2250000
28.10.2024 00:30:30.489 GMT-0700,0.86821,0.86814,1200000.0477,1350000.0238
28.10.2024 00:30:30.592 GMT-0700,0.8682200000000001,0.86814,1200000.0477,1200000.0477
28.10.2024 00:30:38.177 GMT-0700,0.86823,0.86814,1200000.0477,2250000
28.10.2024 00:30:39.591 GMT-0700,0.86823,0.86814,1200000.0477,2400000.0954
28.10.2024 00:30:40.556 GMT-0700,0.86823,0.86814,1799999.9523,2250000
28.10.2024 00:30:46.567 GMT-0700,0.86823,0.86816,1200000.0477,1200000.0477
28.10.2024 00:30:46.669 GMT-0700,0.86823,0.86814,1200000.0477,2250000
28.10.2024 00:31:00.207 GMT-0700,0.86823,0.8681500000000001,1350000.0238,1200000.0477
28.10.2024 00:31:00.367 GMT-0700,0.86823,0.86814,1799999.9523,2250000
28.10.2024 00:31:00.470 GMT-0700,0.8682200000000001,0.86813,1799999.9523,1350000.0238
28.10.2024 00:31:02.982 GMT-0700,0.86821,0.8681200000000001,2400000.0954,1200000.0477
28.10.2024 00:31:03.088 GMT-0700,0.86821,0.8681200000000001,2250000,1350000.0238
28.10.2024 00:31:04.757 GMT-0700,0.86818,0.8681000000000001,1200000.0477,1799999.9523
28.10.2024 00:31:04.860 GMT-0700,0.86818,0.8681000000000001,1200000.0477,1350000.0238
28.10.2024 00:31:05.416 GMT-0700,0.86816,0.86808,1200000.0477,4059999.9428
28.10.2024 00:31:05.519 GMT-0700,0.8681500000000001,0.8680700000000001,1200000.0477,1200000.0477
28.10.2024 00:31:09.060 GMT-0700,0.86816,0.8680700000000001,1200000.0477,1350000.0238
28.10.2024 00:31:10.526 GMT-0700,0.8681500000000001,0.86806,1200000.0477,4960000.0381
28.10.2024 00:31:11.537 GMT-0700,0.8681500000000001,0.86806,1200000.0477,2400000.0954
28.10.2024 00:31:13.406 GMT-0700,0.86813,0.86806,1200000.0477,1350000.0238
28.10.2024 00:31:13.509 GMT-0700,0.8681200000000001,0.86804,1200000.0477,1200000.0477
28.10.2024 00:31:15.533 GMT-0700,0.8681200000000001,0.86804,1200000.0477,1799999.9523
28.10.2024 00:31:17.096 GMT-0700,0.86813,0.86804,1799999.9523,2400000.0954
28.10.2024 00:31:18.007 GMT-0700,0.86814,0.86806,1200000.0477,1350000.0238
28.10.2024 00:31:18.109 GMT-0700,0.86814,0.86806,1200000.0477,1799999.9523
28.10.2024 00:31:18.264 GMT-0700,0.86814,0.86806,1200000.0477,1350000.0238
28.10.2024 00:31:20.281 GMT-0700,0.86814,0.86805,2250000,2250000
28.10.2024 00:31:23.972 GMT-0700,0.86814,0.86805,1799999.9523,2490000.0095
28.10.2024 00:31:25.387 GMT-0700,0.86814,0.8680700000000001,1200000.0477,1350000.0238
28.10.2024 00:31:25.520 GMT-0700,0.8681500000000001,0.86808,1200000.0477,1350000.0238
28.10.2024 00:31:25.624 GMT-0700,0.86813,0.86805,1200000.0477,1350000.0238
28.10.2024 00:31:30.390 GMT-0700,0.86813,0.86804,2250000,1200000.0477
28.10.2024 00:31:36.330 GMT-0700,0.86809,0.8680200000000001,1200000.0477,3309999.9428
28.10.2024 00:31:36.433 GMT-0700,0.86809,0.8680100000000001,1200000.0477,1350000.0238
28.10.2024 00:31:37.397 GMT-0700,0.8680700000000001,0.868,1200000.0477,1799999.9523
28.10.2024 00:31:37.449 GMT-0700,0.86809,0.868,1350000.0238,1200000.0477
28.10.2024 00:31:37.553 GMT-0700,0.8681200000000001,0.8680200000000001,1799999.9523,1200000.0477
28.10.2024 00:31:37.605 GMT-0700,0.86811,0.86803,1200000.0477,1799999.9523
28.10.2024 00:31:37.708 GMT-0700,0.86811,0.8680200000000001,1200000.0477,1350000.0238
28.10.2024 00:31:38.519 GMT-0700,0.86811,0.86803,1200000.0477,1200000.0477
28.10.2024 00:31:38.622 GMT-0700,0.86813,0.8680200000000001,1350000.0238,1200000.0477
28.10.2024 00:31:38.726 GMT-0700,0.86813,0.86804,1350000.0238,1200000.0477
28.10.2024 00:31:38.880 GMT-0700,0.8681200000000001,0.86803,1200000.0477,2250000
28.10.2024 00:31:39.492 GMT-0700,0.86814,0.86805,2400000.0954,1200000.0477
28.10.2024 00:31:39.595 GMT-0700,0.86814,0.8680200000000001,1350000.0238,2250000
28.10.2024 00:31:39.849 GMT-0700,0.86813,0.86804,1350000.0238,1200000.0477
28.10.2024 00:31:41.215 GMT-0700,0.86814,0.86808,1350000.0238,1200000.0477
28.10.2024 00:31:41.319 GMT-0700,0.8681700000000001,0.86808,2250000,1799999.9523
28.10.2024 00:31:45.407 GMT-0700,0.86816,0.86808,1200000.0477,1350000.0238
28.10.2024 00:31:47.832 GMT-0700,0.86814,0.86808,1350000.0238,1200000.0477
28.10.2024 00:31:47.947 GMT-0700,0.86814,0.8680700000000001,1200000.0477,1200000.0477
28.10.2024 00:31:49.415 GMT-0700,0.86813,0.8680700000000001,1200000.0477,1200000.0477
28.10.2024 00:31:49.568 GMT-0700,0.86814,0.8680700000000001,1200000.0477,1200000.0477
28.10.2024 00:31:50.384 GMT-0700,0.86813,0.8680700000000001,1889999.9857,1200000.0477
28.10.2024 00:31:50.486 GMT-0700,0.86813,0.86804,2339999.9142,2250000
28.10.2024 00:31:50.740 GMT-0700,0.86813,0.86805,1350000.0238,1200000.0477
28.10.2024 00:31:50.844 GMT-0700,0.86816,0.86806,1200000.0477,1200000.0477
28.10.2024 00:31:52.006 GMT-0700,0.86816,0.8680700000000001,2250000,1799999.9523
28.10.2024 00:31:54.740 GMT-0700,0.8681700000000001,0.86809,1350000.0238,1200000.0477
28.10.2024 00:31:55.096 GMT-0700,0.86816,0.86809,1200000.0477,1200000.0477
28.10.2024 00:31:55.752 GMT-0700,0.86816,0.8680700000000001,1200000.0477,2400000.0954
28.10.2024 00:32:01.508 GMT-0700,0.8681500000000001,0.8680700000000001,1799999.9523,1350000.0238
28.10.2024 00:32:01.764 GMT-0700,0.86813,0.8680700000000001,1799999.9523,1200000.0477
28.10.2024 00:32:01.868 GMT-0700,0.86813,0.86805,1200000.0477,1350000.0238
28.10.2024 00:32:04.598 GMT-0700,0.86814,0.86806,1200000.0477,1200000.0477
28.10.2024 00:32:04.803 GMT-0700,0.86813,0.86806,1200000.0477,1200000.0477
28.10.2024 00:32:05.969 GMT-0700,0.86814,0.86806,1200000.0477,1200000.0477
28.10.2024 00:32:07.186 GMT-0700,0.8681500000000001,0.86806,1350000.0238,2250000
28.10.2024 00:32:07.289 GMT-0700,0.8681500000000001,0.86806,1200000.0477,2400000.0954
28.10.2024 00:32:07.697 GMT-0700,0.86814,0.86806,1200000.0477,1350000.0238
28.10.2024 00:32:08.706 GMT-0700,0.8681500000000001,0.86806,1799999.9523,2250000
28.10.2024 00:32:09.363 GMT-0700,0.86816,0.86806,1200000.0477,1440000.0572
28.10.2024 00:32:09.466 GMT-0700,0.86816,0.8680700000000001,1799999.9523,2339999.9142
28.10.2024 00:32:10.205 GMT-0700,0.86816,0.86809,1200000.0477,1200000.0477
28.10.2024 00:32:10.461 GMT-0700,0.86816,0.86808,1200000.0477,1350000.0238
28.10.2024 00:32:11.218 GMT-0700,0.86816,0.86808,1200000.0477,1799999.9523
28.10.2024 00:32:14.200 GMT-0700,0.86816,0.86808,1200000.0477,1350000.0238
28.10.2024 00:32:15.416 GMT-0700,0.86813,0.8680700000000001,1200000.0477,2250000
28.10.2024 00:32:15.520 GMT-0700,0.86813,0.86804,1799999.9523,2250000
28.10.2024 00:32:15.827 GMT-0700,0.86813,0.86805,1200000.0477,1200000.0477
28.10.2024 00:32:15.930 GMT-0700,0.86813,0.86804,1799999.9523,1350000.0238
28.10.2024 00:32:16.440 GMT-0700,0.8681200000000001,0.86804,1200000.0477,1350000.0238
28.10.2024 00:32:16.544 GMT-0700,0.8681200000000001,0.86804,1799999.9523,1200000.0477
28.10.2024 00:32:16.647 GMT-0700,0.8681200000000001,0.86804,1200000.0477,1200000.0477
28.10.2024 00:32:17.054 GMT-0700,0.86811,0.8680200000000001,1350000.0238,1350000.0238
28.10.2024 00:32:17.157 GMT-0700,0.8681000000000001,0.8680100000000001,1350000.0238,1799999.9523
28.10.2024 00:32:19.285 GMT-0700,0.8681200000000001,0.86803,2250000,1889999.9857
28.10.2024 00:32:20.553 GMT-0700,0.8681200000000001,0.86804,1200000.0477,1200000.0477
28.10.2024 00:32:24.531 GMT-0700,0.86813,0.86804,2250000,1799999.9523
28.10.2024 00:32:28.376 GMT-0700,0.8681500000000001,0.8680700000000001,8720000.267,1799999.9523
28.10.2024 00:32:28.480 GMT-0700,0.86816,0.86808,1200000.0477,1200000.0477
28.10.2024 00:32:34.357 GMT-0700,0.8681700000000001,0.86808,1350000.0238,1200000.0477
28.10.2024 00:32:41.206 GMT-0700,0.8681500000000001,0.86806,1200000.0477,1799999.9523
28.10.2024 00:32:41.359 GMT-0700,0.8681500000000001,0.86806,1440000.0572,1350000.0238
28.10.2024 00:32:42.423 GMT-0700,0.8681500000000001,0.86806,1200000.0477,2490000.0095
28.10.2024 00:32:42.526 GMT-0700,0.8681700000000001,0.86808,2400000.0954,1200000.0477
28.10.2024 00:32:42.832 GMT-0700,0.8681700000000001,0.86808,2250000,1350000.0238
28.10.2024 00:32:47.174 GMT-0700,0.86816,0.8680700000000001,1200000.0477,1799999.9523
28.10.2024 00:32:47.328 GMT-0700,0.86816,0.8680700000000001,1350000.0238,1200000.0477
28.10.2024 00:32:49.248 GMT-0700,0.8681700000000001,0.86808,1799999.9523,1350000.0238
28.10.2024 00:32:51.830 GMT-0700,0.8681700000000001,0.86809,1200000.0477,2339999.9142
28.10.2024 00:32:51.933 GMT-0700,0.8682000000000001,0.86811,1799999.9523,1200000.0477
28.10.2024 00:32:52.947 GMT-0700,0.8682000000000001,0.86811,1350000.0238,1200000.0477
28.10.2024 00:32:53.617 GMT-0700,0.8682000000000001,0.86811,3390000.1049,1200000.0477
28.10.2024 00:32:55.039 GMT-0700,0.8682000000000001,0.86811,1350000.0238,1200000.0477
28.10.2024 00:32:56.055 GMT-0700,0.86821,0.8681200000000001,1350000.0238,1200000.0477
28.10.2024 00:32:56.309 GMT-0700,0.8682200000000001,0.86813,1350000.0238,2250000
28.10.2024 00:32:56.412 GMT-0700,0.8682200000000001,0.86813,1200000.0477,2400000.0954
28.10.2024 00:32:56.514 GMT-0700,0.86824,0.8681500000000001,3390000.1049,1200000.0477
28.10.2024 00:32:56.617 GMT-0700,0.86823,0.86814,1799999.9523,1200000.0477
28.10.2024 00:32:57.878 GMT-0700,0.8682200000000001,0.8681200000000001,1350000.0238,2400000.0954
28.10.2024 00:32:58.486 GMT-0700,0.8682200000000001,0.8681200000000001,1350000.0238,2250000
28.10.2024 00:32:59.245 GMT-0700,0.86821,0.8681200000000001,1200000.0477,1350000.0238
28.10.2024 00:33:11.221 GMT-0700,0.8682200000000001,0.8681200000000001,1200000.0477,1200000.0477
28.10.2024 00:33:11.326 GMT-0700,0.86823,0.8681500000000001,1350000.0238,1200000.0477
28.10.2024 00:33:11.886 GMT-0700,0.86824,0.8681500000000001,1350000.0238,1200000.0477
28.10.2024 00:33:12.040 GMT-0700,0.8682500000000001,0.86816,2250000,1200000.0477
28.10.2024 00:33:12.143 GMT-0700,0.8682500000000001,0.86816,2400000.0954,1200000.0477
28.10.2024 00:33:15.008 GMT-0700,0.86824,0.8681500000000001,1350000.0238,1200000.0477
28.10.2024 00:33:17.128 GMT-0700,0.8682500000000001,0.86816,1350000.0238,1200000.0477
28.10.2024 00:33:18.594 GMT-0700,0.8682500000000001,0.8681700000000001,1200000.0477,1200000.0477
28.10.2024 00:33:21.118 GMT-0700,0.86826,0.8681500000000001,1799999.9523,1350000.0238
28.10.2024 00:33:21.629 GMT-0700,0.86826,0.8681700000000001,2250000,1200000.0477
28.10.2024 00:33:28.492 GMT-0700,0.8682500000000001,0.86816,1200000.0477,3150000.0954
28.10.2024 00:33:31.631 GMT-0700,0.86823,0.8681500000000001,1470000.0286,1350000.0238
28.10.2024 00:33:31.734 GMT-0700,0.8681700000000001,0.86811,1799999.9523,1200000.0477
28.10.2024 00:33:31.837 GMT-0700,0.8681700000000001,0.86808,1799999.9523,1799999.9523
28.10.2024 00:33:31.990 GMT-0700,0.8681700000000001,0.86809,1350000.0238,1200000.0477
28.10.2024 00:33:34.274 GMT-0700,0.86814,0.8680700000000001,1200000.0477,2250000
28.10.2024 00:33:34.378 GMT-0700,0.8681500000000001,0.86805,2700000.0477,2400000.0954
28.10.2024 00:33:34.482 GMT-0700,0.8681500000000001,0.86805,2250000,2250000
28.10.2024 00:33:34.636 GMT-0700,0.8681500000000001,0.86808,1350000.0238,1200000.0477
28.10.2024 00:33:35.754 GMT-0700,0.86816,0.86808,1200000.0477,1200000.0477
28.10.2024 00:33:36.211 GMT-0700,0.86816,0.8680700000000001,1799999.9523,1350000.0238
28.10.2024 00:33:36.314 GMT-0700,0.86816,0.86808,1200000.0477,1200000.0477
28.10.2024 00:33:37.880 GMT-0700,0.86816,0.86806,1799999.9523,4199999.8093
28.10.2024 00:33:40.997 GMT-0700,0.86816,0.86808,1200000.0477,1200000.0477
28.10.2024 00:33:41.252 GMT-0700,0.86816,0.86806,1200000.0477,1350000.0238
28.10.2024 00:33:41.356 GMT-0700,0.8681200000000001,0.8680200000000001,1200000.0477,1350000.0238
28.10.2024 00:33:41.459 GMT-0700,0.8681200000000001,0.86803,1799999.9523,2250000
28.10.2024 00:33:41.562 GMT-0700,0.8681200000000001,0.86804,1200000.0477,1200000.0477
